Time,Ask,Bid,AskVolume,BidVolume
15.11.2012 00:00:00.081,1.27301,1.27293,1.73,5.48
15.11.2012 00:00:00.626,1.27302,1.27295,2.48,1.73
15.11.2012 00:00:01.291,1.27299,1.27292,2.48,1.35
15.11.2012 00:00:01.363,1.27296,1.27290,1.50,3.98
15.11.2012 00:00:03.690,1.27295,1.27289,1.50,2.25
15.11.2012 00:00:04.001,1.27294,1.27287,1.13,3.00
15.11.2012 00:00:04.061,1.27294,1.27287,1.13,2.48
15.11.2012 00:00:04.781,1.27296,1.27288,2.48,1.73
15.11.2012 00:00:05.910,1.27295,1.27287,1.73,3.98
15.11.2012 00:00:06.691,1.27293,1.27280,1.73,1.73
15.11.2012 00:00:06.821,1.27292,1.27285,2.48,1.73
15.11.2012 00:00:07.782,1.27291,1.27283,2.48,3.23
15.11.2012 00:00:07.902,1.27290,1.27283,1.73,5.10
15.11.2012 00:00:08.441,1.27290,1.27283,1.73,2.10
15.11.2012 00:00:08.921,1.27290,1.27283,1.73,1.73
15.11.2012 00:00:10.071,1.27292,1.27283,2.48,5.10
15.11.2012 00:00:10.130,1.27292,1.27283,2.48,5.10
15.11.2012 00:00:15.754,1.27290,1.27283,2.48,1.35
15.11.2012 00:00:15.822,1.27289,1.27282,1.73,1.35
15.11.2012 00:00:17.711,1.27288,1.27281,2.48,2.48
15.11.2012 00:00:18.433,1.27288,1.27281,2.48,2.48
15.11.2012 00:00:20.762,1.27288,1.27281,2.48,2.48
15.11.2012 00:00:25.316,1.27287,1.27279,1.73,1.73
15.11.2012 00:00:25.385,1.27286,1.27279,1.73,1.73
15.11.2012 00:00:38.192,1.27285,1.27279,2.48,1.73
15.11.2012 00:00:38.552,1.27285,1.27279,1.73,1.50
15.11.2012 00:00:38.911,1.27285,1.27278,2.48,3.60
15.11.2012 00:00:39.765,1.27285,1.27279,1.73,1.73
15.11.2012 00:00:40.921,1.27285,1.27279,1.73,1.73
15.11.2012 00:00:41.041,1.27286,1.27279,2.48,1.73
15.11.2012 00:00:53.481,1.27286,1.27279,1.73,1.73
15.11.2012 00:01:01.384,1.27285,1.27279,1.73,1.73
15.11.2012 00:01:02.382,1.27286,1.27279,2.48,1.73
15.11.2012 00:01:02.992,1.27285,1.27278,1.73,2.85
15.11.2012 00:01:08.165,1.27287,1.27281,1.73,1.50
15.11.2012 00:01:08.385,1.27289,1.27282,2.48,1.73
15.11.2012 00:01:08.895,1.27287,1.27281,1.50,1.73
15.11.2012 00:01:10.172,1.27287,1.27281,1.50,1.73
15.11.2012 00:01:18.443,1.27288,1.27281,1.73,1.73
15.11.2012 00:01:18.742,1.27286,1.27279,1.73,1.73
15.11.2012 00:01:20.582,1.27285,1.27278,1.50,3.00
15.11.2012 00:01:21.603,1.27285,1.27278,1.50,2.25
15.11.2012 00:01:22.094,1.27285,1.27278,1.50,2.25
15.11.2012 00:01:23.133,1.27286,1.27278,1.73,2.40
15.11.2012 00:01:23.972,1.27286,1.27278,1.50,2.48
15.11.2012 00:01:26.512,1.27285,1.27278,1.50,2.48
15.11.2012 00:01:28.213,1.27285,1.27278,1.50,2.48
15.11.2012 00:01:29.392,1.27285,1.27278,1.50,2.48
15.11.2012 00:01:29.955,1.27285,1.27278,1.50,2.33
15.11.2012 00:01:30.773,1.27285,1.27278,1.50,2.48
15.11.2012 00:01:31.133,1.27285,1.27278,1.50,2.25
15.11.2012 00:01:31.802,1.27282,1.27277,1.73,1.50
15.11.2012 00:01:32.172,1.27282,1.27275,1.73,1.73
15.11.2012 00:01:32.694,1.27282,1.27275,1.73,1.73
15.11.2012 00:01:34.864,1.27281,1.27270,3.23,2.25
15.11.2012 00:01:35.173,1.27279,1.27270,2.25,1.88
15.11.2012 00:01:35.232,1.27278,1.27270,3.23,1.35
15.11.2012 00:01:35.474,1.27277,1.27265,1.13,3.23
15.11.2012 00:01:36.022,1.27279,1.27270,5.85,1.73
15.11.2012 00:01:46.062,1.27276,1.27269,1.73,1.73
15.11.2012 00:01:46.953,1.27279,1.27269,3.98,1.73
15.11.2012 00:01:47.913,1.27277,1.27269,1.73,1.73
15.11.2012 00:01:48.421,1.27278,1.27269,1.50,1.73
15.11.2012 00:01:48.953,1.27276,1.27269,2.48,1.73
15.11.2012 00:01:50.853,1.27276,1.27269,2.48,1.73
15.11.2012 00:01:54.753,1.27274,1.27268,1.73,1.35
15.11.2012 00:01:55.271,1.27276,1.27268,1.50,1.35
15.11.2012 00:01:56.783,1.27276,1.27267,4.50,1.73
15.11.2012 00:01:57.263,1.27274,1.27262,1.50,9.23
15.11.2012 00:01:57.774,1.27275,1.27266,1.73,3.23
15.11.2012 00:01:59.143,1.27275,1.27268,2.48,2.10
15.11.2012 00:02:01.253,1.27272,1.27267,2.10,1.50
15.11.2012 00:02:01.435,1.27276,1.27267,1.73,3.98
15.11.2012 00:02:01.982,1.27275,1.27266,1.35,2.48
15.11.2012 00:02:06.633,1.27272,1.27266,1.73,2.85
15.11.2012 00:02:06.874,1.27270,1.27264,3.00,2.25
15.11.2012 00:02:07.112,1.27271,1.27264,2.10,2.25
15.11.2012 00:02:07.173,1.27272,1.27264,1.65,3.00
15.11.2012 00:02:07.413,1.27275,1.27266,1.50,3.98
15.11.2012 00:02:07.654,1.27275,1.27266,2.85,3.98
15.11.2012 00:02:07.773,1.27276,1.27268,1.13,1.73
15.11.2012 00:02:08.313,1.27277,1.27267,4.73,1.73
15.11.2012 00:02:09.243,1.27272,1.27265,3.00,3.38
15.11.2012 00:02:09.303,1.27273,1.27265,2.25,1.73
15.11.2012 00:02:09.663,1.27271,1.27264,5.25,2.10
15.11.2012 00:02:09.782,1.27270,1.27261,2.85,2.48
15.11.2012 00:02:10.815,1.27269,1.27262,1.50,1.73
15.11.2012 00:02:10.883,1.27271,1.27263,2.25,1.13
15.11.2012 00:02:11.182,1.27270,1.27264,2.48,1.73
15.11.2012 00:02:11.543,1.27270,1.27264,2.48,1.73
15.11.2012 00:02:11.904,1.27279,1.27271,3.00,3.23
15.11.2012 00:02:12.084,1.27281,1.27273,2.25,3.75
15.11.2012 00:02:12.203,1.27282,1.27274,2.10,1.50
15.11.2012 00:02:13.041,1.27285,1.27274,1.73,1.50
15.11.2012 00:02:13.125,1.27287,1.27276,3.60,3.23
15.11.2012 00:02:13.952,1.27287,1.27276,3.08,3.23
15.11.2012 00:02:14.513,1.27287,1.27276,2.85,3.23
15.11.2012 00:02:16.063,1.27287,1.27277,2.25,1.73
15.11.2012 00:02:16.572,1.27285,1.27277,3.83,1.73
15.11.2012 00:02:21.193,1.27283,1.27275,1.73,2.85
15.11.2012 00:02:21.614,1.27286,1.27279,1.50,2.63
15.11.2012 00:02:21.732,1.27288,1.27280,1.73,1.73
15.11.2012 00:02:21.852,1.27292,1.27281,5.48,3.23
15.11.2012 00:02:21.973,1.27292,1.27284,1.73,1.73
15.11.2012 00:02:22.093,1.27291,1.27285,1.50,1.50
15.11.2012 00:02:22.153,1.27291,1.27284,1.73,1.73
15.11.2012 00:02:22.514,1.27289,1.27282,1.73,1.73
15.11.2012 00:02:24.982,1.27285,1.27280,2.25,1.50
15.11.2012 00:02:25.224,1.27285,1.27278,3.23,1.50
15.11.2012 00:02:25.813,1.27284,1.27278,1.73,1.50
15.11.2012 00:02:27.712,1.27285,1.27277,1.73,3.23
15.11.2012 00:02:27.833,1.27287,1.27278,2.48,2.25
15.11.2012 00:02:28.400,1.27287,1.27280,1.73,1.73
15.11.2012 00:02:30.262,1.27287,1.27280,1.73,1.73
15.11.2012 00:02:32.243,1.27287,1.27279,1.73,1.73
15.11.2012 00:02:36.192,1.27284,1.27277,1.73,2.85
15.11.2012 00:02:36.712,1.27284,1.27277,1.73,2.85
15.11.2012 00:02:37.834,1.27282,1.27275,1.73,3.60
15.11.2012 00:02:43.633,1.27280,1.27273,2.48,2.48
15.11.2012 00:02:43.935,1.27278,1.27269,2.10,1.50
15.11.2012 00:02:44.203,1.27278,1.27269,2.10,1.73
15.11.2012 00:02:49.552,1.27272,1.27266,1.50,1.50
15.11.2012 00:02:49.794,1.27270,1.27263,1.50,4.35
15.11.2012 00:02:50.034,1.27270,1.27262,1.50,1.45
15.11.2012 00:02:51.422,1.27268,1.27260,1.73,1.50
15.11.2012 00:02:51.923,1.27269,1.27260,1.13,2.48
15.11.2012 00:03:05.042,1.27267,1.27259,3.23,2.63
15.11.2012 00:03:05.162,1.27270,1.27259,2.25,4.35
15.11.2012 00:03:06.083,1.27272,1.27264,6.00,1.35
15.11.2012 00:03:06.143,1.27272,1.27264,6.00,1.35
15.11.2012 00:03:06.384,1.27275,1.27267,2.25,2.48
15.11.2012 00:03:06.452,1.27276,1.27270,3.15,1.50
15.11.2012 00:03:06.814,1.27275,1.27267,5.25,1.73
15.11.2012 00:03:07.052,1.27279,1.27268,1.88,1.73
15.11.2012 00:03:07.352,1.27277,1.27268,2.63,1.73
15.11.2012 00:03:07.833,1.27278,1.27269,1.50,1.73
15.11.2012 00:03:14.291,1.27275,1.27268,1.73,1.50
15.11.2012 00:03:16.843,1.27277,1.27268,2.25,2.25
15.11.2012 00:03:17.461,1.27279,1.27270,3.75,1.50
15.11.2012 00:03:21.213,1.27277,1.27270,1.73,1.50
15.11.2012 00:03:21.750,1.27278,1.27269,1.13,3.08
15.11.2012 00:03:22.404,1.27278,1.27270,1.13,1.50
15.11.2012 00:03:23.506,1.27278,1.27270,1.13,1.50
15.11.2012 00:03:24.444,1.27278,1.27270,1.13,1.50
15.11.2012 00:03:26.834,1.27278,1.27270,1.13,1.50
15.11.2012 00:03:30.793,1.27278,1.27270,2.25,1.50
15.11.2012 00:03:31.034,1.27275,1.27268,1.73,1.50
15.11.2012 00:03:34.460,1.27276,1.27268,3.23,1.50
15.11.2012 00:03:35.444,1.27277,1.27268,3.75,1.50
15.11.2012 00:03:42.095,1.27272,1.27265,1.50,2.10
15.11.2012 00:03:42.453,1.27272,1.27265,2.25,1.73
15.11.2012 00:03:44.114,1.27273,1.27265,1.73,2.48
15.11.2012 00:03:44.532,1.27274,1.27266,2.25,2.48
15.11.2012 00:03:45.074,1.27274,1.27266,2.25,2.48
15.11.2012 00:03:46.643,1.27270,1.27264,1.73,1.88
15.11.2012 00:03:46.946,1.27270,1.27261,3.23,2.25
15.11.2012 00:03:50.015,1.27264,1.27260,1.50,1.50
15.11.2012 00:03:50.143,1.27265,1.27256,3.00,2.25
15.11.2012 00:03:50.202,1.27265,1.27256,3.00,1.50
15.11.2012 00:03:54.274,1.27264,1.27256,2.10,1.73
15.11.2012 00:03:54.334,1.27263,1.27256,1.35,1.73
15.11.2012 00:03:54.872,1.27264,1.27257,2.85,1.73
15.11.2012 00:03:54.933,1.27264,1.27255,2.85,3.23
15.11.2012 00:03:55.053,1.27263,1.27255,1.73,2.48
15.11.2012 00:03:55.603,1.27261,1.27250,3.00,2.48
15.11.2012 00:03:56.032,1.27261,1.27253,2.25,1.73
15.11.2012 00:03:57.443,1.27262,1.27253,1.13,1.73
15.11.2012 00:03:57.802,1.27262,1.27255,1.13,1.73
15.11.2012 00:04:05.055,1.27259,1.27247,1.73,4.88
15.11.2012 00:04:05.363,1.27260,1.27251,3.75,1.50
15.11.2012 00:04:05.425,1.27259,1.27250,1.50,2.85
15.11.2012 00:04:08.082,1.27257,1.27250,1.73,1.50
15.11.2012 00:04:08.605,1.27259,1.27250,1.88,1.73
15.11.2012 00:04:09.872,1.27259,1.27250,2.63,1.73
15.11.2012 00:04:10.412,1.27258,1.27251,1.50,3.60
15.11.2012 00:04:10.773,1.27260,1.27251,5.25,1.35
15.11.2012 00:04:12.122,1.27261,1.27252,1.50,1.73
15.11.2012 00:04:13.814,1.27258,1.27251,1.73,2.10
15.11.2012 00:04:14.412,1.27259,1.27251,1.73,2.85
15.11.2012 00:04:14.531,1.27259,1.27251,2.48,3.60
15.11.2012 00:04:18.293,1.27259,1.27251,3.23,1.35
15.11.2012 00:04:18.354,1.27259,1.27250,2.48,3.75
15.11.2012 00:04:18.472,1.27257,1.27250,4.50,3.98
15.11.2012 00:04:19.133,1.27256,1.27244,1.50,3.98
15.11.2012 00:04:20.194,1.27257,1.27249,4.50,1.73
15.11.2012 00:04:20.893,1.27258,1.27248,5.85,2.48
15.11.2012 00:04:21.073,1.27258,1.27250,3.23,1.73
15.11.2012 00:04:21.582,1.27256,1.27249,1.50,1.50
15.11.2012 00:04:22.132,1.27256,1.27249,1.50,1.73
15.11.2012 00:04:22.494,1.27256,1.27249,3.00,2.25
15.11.2012 00:04:23.353,1.27255,1.27248,1.73,2.48
15.11.2012 00:04:23.593,1.27254,1.27245,3.00,1.50
15.11.2012 00:04:23.712,1.27252,1.27245,3.75,1.73
15.11.2012 00:04:24.465,1.27251,1.27240,1.50,1.35
15.11.2012 00:04:25.923,1.27254,1.27245,2.25,1.73
15.11.2012 00:04:26.043,1.27254,1.27245,3.00,1.73
15.11.2012 00:04:26.402,1.27256,1.27246,2.78,1.73
15.11.2012 00:04:26.582,1.27254,1.27244,1.50,2.48
15.11.2012 00:04:26.703,1.27252,1.27244,1.73,2.25
15.11.2012 00:04:27.303,1.27251,1.27244,2.25,3.23
15.11.2012 00:04:31.685,1.27253,1.27245,1.73,1.73
15.11.2012 00:04:32.383,1.27254,1.27244,1.50,2.48
15.11.2012 00:04:41.756,1.27253,1.27245,1.13,1.73
15.11.2012 00:04:41.824,1.27254,1.27247,2.48,1.11
15.11.2012 00:04:42.005,1.27254,1.27245,5.25,1.73
15.11.2012 00:04:42.552,1.27254,1.27244,4.50,3.23
15.11.2012 00:04:43.213,1.27252,1.27244,3.98,1.50
15.11.2012 00:04:43.333,1.27252,1.27245,3.75,1.50
15.11.2012 00:04:43.872,1.27252,1.27244,3.75,1.73
15.11.2012 00:04:44.765,1.27252,1.27244,4.50,1.73
15.11.2012 00:04:45.599,1.27252,1.27244,4.50,1.73
15.11.2012 00:04:46.135,1.27252,1.27244,4.88,1.73
15.11.2012 00:04:47.474,1.27252,1.27247,4.50,2.10
15.11.2012 00:04:47.593,1.27255,1.27245,3.38,2.38
15.11.2012 00:04:48.134,1.27254,1.27247,1.50,2.10
15.11.2012 00:04:48.203,1.27255,1.27247,1.13,2.33
15.11.2012 00:04:48.715,1.27254,1.27247,1.50,2.48
15.11.2012 00:04:48.783,1.27256,1.27247,1.35,2.48
15.11.2012 00:04:49.333,1.27255,1.27246,1.13,3.83
15.11.2012 00:04:49.978,1.27253,1.27245,1.73,3.23
15.11.2012 00:04:51.953,1.27253,1.27249,1.73,1.50
15.11.2012 00:04:52.132,1.27256,1.27249,2.25,3.00
15.11.2012 00:04:52.555,1.27252,1.27248,3.00,1.50
15.11.2012 00:04:52.864,1.27257,1.27247,2.48,1.73
15.11.2012 00:04:53.173,1.27257,1.27249,1.73,1.73
15.11.2012 00:04:53.722,1.27257,1.27248,2.48,1.73
15.11.2012 00:04:54.083,1.27260,1.27248,5.63,2.48
15.11.2012 00:04:54.573,1.27258,1.27250,1.13,1.73
15.11.2012 00:04:55.472,1.27257,1.27246,3.23,3.23
15.11.2012 00:04:56.562,1.27256,1.27249,1.73,1.73
15.11.2012 00:04:57.104,1.27256,1.27249,1.50,1.50
15.11.2012 00:04:58.323,1.27255,1.27248,5.25,3.23
15.11.2012 00:04:58.443,1.27255,1.27248,6.23,1.73
15.11.2012 00:04:59.003,1.27253,1.27245,1.73,3.23
15.11.2012 00:04:59.124,1.27252,1.27245,3.75,2.48
15.11.2012 00:04:59.782,1.27252,1.27244,3.75,3.23
15.11.2012 00:05:00.667,1.27255,1.27248,2.63,1.73
15.11.2012 00:05:00.800,1.27257,1.27249,1.50,2.48
15.11.2012 00:05:01.652,1.27258,1.27250,2.63,1.73
15.11.2012 00:05:02.213,1.27259,1.27249,2.85,1.73
15.11.2012 00:05:06.522,1.27255,1.27248,1.73,1.73
15.11.2012 00:05:06.763,1.27255,1.27247,2.85,3.23
15.11.2012 00:05:07.122,1.27253,1.27247,1.88,1.50
15.11.2012 00:05:08.233,1.27255,1.27247,2.63,3.00
15.11.2012 00:05:08.535,1.27258,1.27249,2.10,2.48
15.11.2012 00:05:09.674,1.27257,1.27248,1.50,3.23
15.11.2012 00:05:09.853,1.27257,1.27248,1.73,3.23
15.11.2012 00:05:15.063,1.27257,1.27249,1.73,1.73
15.11.2012 00:05:15.244,1.27259,1.27249,2.48,3.08
15.11.2012 00:05:16.476,1.27258,1.27248,1.35,3.23
15.11.2012 00:05:16.542,1.27258,1.27248,1.13,3.23
15.11.2012 00:05:16.723,1.27255,1.27247,3.75,4.73
15.11.2012 00:05:17.933,1.27253,1.27247,1.73,1.73
15.11.2012 00:05:25.132,1.27253,1.27247,1.73,1.73
15.11.2012 00:05:25.314,1.27258,1.27248,3.38,3.23
15.11.2012 00:05:25.673,1.27259,1.27250,1.50,1.73
15.11.2012 00:05:27.925,1.27259,1.27250,1.13,2.48
15.11.2012 00:05:28.943,1.27259,1.27250,1.88,1.73
15.11.2012 00:05:32.733,1.27258,1.27251,1.73,2.48
15.11.2012 00:05:33.912,1.27260,1.27251,1.50,3.23
15.11.2012 00:05:34.453,1.27260,1.27252,1.50,1.73
15.11.2012 00:05:34.696,1.27262,1.27254,3.98,3.75
15.11.2012 00:05:34.766,1.27263,1.27256,2.25,1.73
15.11.2012 00:05:34.834,1.27266,1.27256,1.13,2.48
15.11.2012 00:05:35.132,1.27267,1.27258,1.35,1.73
15.11.2012 00:05:35.493,1.27270,1.27262,2.85,1.50
15.11.2012 00:05:36.043,1.27271,1.27263,1.50,1.73
15.11.2012 00:05:36.103,1.27271,1.27263,1.50,1.73
15.11.2012 00:05:37.003,1.27273,1.27263,2.25,1.73
15.11.2012 00:05:37.363,1.27270,1.27262,1.73,2.48
15.11.2012 00:05:38.933,1.27270,1.27262,2.48,1.73
15.11.2012 00:05:43.223,1.27269,1.27262,1.73,1.73
15.11.2012 00:05:44.969,1.27269,1.27262,1.73,1.73
15.11.2012 00:05:46.783,1.27269,1.27263,1.73,1.73
15.11.2012 00:05:46.903,1.27270,1.27263,1.50,2.33
15.11.2012 00:05:47.085,1.27272,1.27265,1.50,1.73
15.11.2012 00:05:47.453,1.27273,1.27266,3.00,1.73
15.11.2012 00:05:49.504,1.27270,1.27264,3.75,5.10
15.11.2012 00:05:49.694,1.27269,1.27264,1.73,1.50
15.11.2012 00:05:49.814,1.27267,1.27261,3.00,4.35
15.11.2012 00:05:50.055,1.27265,1.27261,1.50,4.95
15.11.2012 00:05:51.462,1.27269,1.27261,1.50,1.73
15.11.2012 00:05:54.854,1.27268,1.27261,1.73,4.20
15.11.2012 00:05:54.977,1.27268,1.27261,1.73,5.93
15.11.2012 00:05:56.194,1.27269,1.27263,1.73,1.73
15.11.2012 00:05:56.554,1.27272,1.27262,1.88,2.48
15.11.2012 00:05:56.673,1.27269,1.27263,1.73,1.50
15.11.2012 00:05:57.153,1.27267,1.27261,2.25,4.20
15.11.2012 00:05:57.692,1.27267,1.27261,2.48,4.20
15.11.2012 00:05:59.524,1.27267,1.27261,2.48,3.83
15.11.2012 00:06:00.025,1.27267,1.27261,2.48,2.48
15.11.2012 00:06:00.482,1.27267,1.27261,1.50,4.05
15.11.2012 00:06:07.082,1.27268,1.27262,1.73,1.73
15.11.2012 00:06:07.383,1.27270,1.27264,1.50,1.73
15.11.2012 00:06:07.444,1.27273,1.27266,3.23,1.73
15.11.2012 00:06:07.564,1.27273,1.27266,3.23,2.48
15.11.2012 00:06:08.103,1.27274,1.27266,1.73,2.48
15.11.2012 00:06:13.293,1.27273,1.27265,2.48,3.23
15.11.2012 00:06:18.433,1.27274,1.27265,1.73,2.48
15.11.2012 00:06:19.512,1.27273,1.27265,2.48,1.73
15.11.2012 00:06:21.739,1.27274,1.27266,1.73,1.73
15.11.2012 00:06:24.619,1.27273,1.27266,1.73,1.73
15.11.2012 00:06:24.813,1.27273,1.27266,1.73,1.73
15.11.2012 00:06:26.773,1.27273,1.27265,2.85,1.73
15.11.2012 00:06:26.835,1.27270,1.27262,1.73,6.23
15.11.2012 00:06:27.023,1.27267,1.27262,2.10,1.73
15.11.2012 00:06:27.203,1.27267,1.27262,2.33,1.50
15.11.2012 00:06:27.753,1.27267,1.27261,2.33,2.70
15.11.2012 00:06:29.574,1.27268,1.27261,1.50,2.48
15.11.2012 00:06:30.135,1.27268,1.27261,1.50,1.50
15.11.2012 00:06:31.004,1.27267,1.27261,1.35,3.45
15.11.2012 00:06:31.394,1.27270,1.27263,1.73,1.73
15.11.2012 00:06:31.634,1.27273,1.27265,1.58,2.48
15.11.2012 00:06:31.754,1.27272,1.27265,1.50,2.48
15.11.2012 00:06:32.175,1.27272,1.27264,1.73,1.73
15.11.2012 00:06:33.843,1.27274,1.27265,4.95,3.23
15.11.2012 00:06:33.904,1.27274,1.27265,4.95,2.48
15.11.2012 00:06:36.423,1.27274,1.27267,3.83,1.73
15.11.2012 00:06:38.973,1.27274,1.27266,4.58,1.73
15.11.2012 00:06:42.384,1.27278,1.27267,7.35,2.48
15.11.2012 00:06:42.624,1.27274,1.27268,1.73,3.98
15.11.2012 00:06:43.034,1.27275,1.27267,3.08,1.73
15.11.2012 00:06:43.393,1.27276,1.27267,2.48,1.73
15.11.2012 00:06:46.513,1.27276,1.27267,2.85,2.48
15.11.2012 00:06:46.704,1.27276,1.27268,1.88,2.48
15.11.2012 00:06:49.435,1.27276,1.27268,1.73,2.48
15.11.2012 00:06:51.024,1.27276,1.27267,2.10,3.23
15.11.2012 00:06:53.163,1.27277,1.27270,2.70,1.73
15.11.2012 00:06:53.824,1.27278,1.27272,1.35,1.73
15.11.2012 00:06:54.185,1.27275,1.27269,1.35,1.50
15.11.2012 00:06:54.634,1.27277,1.27272,1.35,1.73
15.11.2012 00:06:54.714,1.27277,1.27269,2.33,2.63
15.11.2012 00:06:54.903,1.27277,1.27271,3.08,1.13
15.11.2012 00:06:57.053,1.27275,1.27268,1.73,3.23
15.11.2012 00:06:57.942,1.27275,1.27268,1.73,2.48
15.11.2012 00:06:58.448,1.27275,1.27268,1.73,3.23
15.11.2012 00:07:00.212,1.27276,1.27268,1.73,3.98
15.11.2012 00:07:02.804,1.27276,1.27268,1.73,3.98
15.11.2012 00:07:08.592,1.27277,1.27268,2.70,3.98
15.11.2012 00:07:10.653,1.27277,1.27270,1.50,2.48
15.11.2012 00:07:14.784,1.27279,1.27272,1.73,7.73
15.11.2012 00:07:15.142,1.27282,1.27276,1.35,1.73
15.11.2012 00:07:15.683,1.27282,1.27276,1.20,2.25
15.11.2012 00:07:16.044,1.27284,1.27277,4.20,1.73
15.11.2012 00:07:17.006,1.27284,1.27278,1.50,3.98
15.11.2012 00:07:17.373,1.27287,1.27279,3.45,3.23
15.11.2012 00:07:17.734,1.27289,1.27281,1.73,2.48
15.11.2012 00:07:18.274,1.27288,1.27281,1.73,2.48
15.11.2012 00:07:18.776,1.27291,1.27281,1.73,2.48
15.11.2012 00:07:21.125,1.27287,1.27279,2.25,1.50
15.11.2012 00:07:21.598,1.27282,1.27275,1.50,2.25
15.11.2012 00:07:21.677,1.27280,1.27273,2.48,1.73
15.11.2012 00:07:22.046,1.27280,1.27273,2.48,1.73
15.11.2012 00:07:22.766,1.27279,1.27272,1.73,1.65
15.11.2012 00:07:24.556,1.27280,1.27272,1.73,1.65
15.11.2012 00:07:26.156,1.27281,1.27272,5.10,2.40
15.11.2012 00:07:33.957,1.27281,1.27273,4.35,1.73
15.11.2012 00:07:39.186,1.27281,1.27273,3.98,1.73
15.11.2012 00:07:41.376,1.27281,1.27274,2.48,1.50
15.11.2012 00:07:41.498,1.27282,1.27275,1.73,1.73
15.11.2012 00:07:41.558,1.27282,1.27275,1.73,1.73
15.11.2012 00:07:41.916,1.27285,1.27278,4.80,2.48
15.11.2012 00:07:42.336,1.27286,1.27278,1.73,2.48
15.11.2012 00:07:51.187,1.27285,1.27279,2.48,1.73
15.11.2012 00:07:51.366,1.27284,1.27276,1.73,2.25
15.11.2012 00:07:51.906,1.27281,1.27274,1.73,2.85
15.11.2012 00:07:52.665,1.27281,1.27274,1.73,2.85
15.11.2012 00:07:59.788,1.27281,1.27274,1.73,2.48
15.11.2012 00:08:02.677,1.27284,1.27276,3.00,1.73
15.11.2012 00:08:03.097,1.27286,1.27277,1.73,2.48
15.11.2012 00:08:09.387,1.27286,1.27277,1.73,2.85
15.11.2012 00:08:10.537,1.27286,1.27279,1.73,1.73
15.11.2012 00:08:11.192,1.27286,1.27279,1.73,1.35
15.11.2012 00:08:23.385,1.27288,1.27279,3.45,1.73
15.11.2012 00:08:23.647,1.27288,1.27281,1.73,1.50
15.11.2012 00:08:27.368,1.27294,1.27281,3.23,5.48
15.11.2012 00:08:27.487,1.27290,1.27285,2.48,2.10
15.11.2012 00:08:27.846,1.27296,1.27290,1.50,1.73
15.11.2012 00:08:27.966,1.27295,1.27289,1.50,3.23
15.11.2012 00:08:28.085,1.27296,1.27289,1.73,3.23
15.11.2012 00:08:29.165,1.27296,1.27289,1.73,3.23
15.11.2012 00:08:31.139,1.27296,1.27289,2.48,1.35
15.11.2012 00:08:33.305,1.27296,1.27289,2.48,1.35
15.11.2012 00:08:34.096,1.27296,1.27289,2.48,1.35
15.11.2012 00:08:36.716,1.27294,1.27288,1.50,1.50
15.11.2012 00:08:36.837,1.27294,1.27287,1.73,1.50
15.11.2012 00:08:37.026,1.27294,1.27287,3.23,1.50
15.11.2012 00:08:37.386,1.27294,1.27287,1.50,1.73
15.11.2012 00:08:37.866,1.27296,1.27288,2.25,3.23
15.11.2012 00:08:38.405,1.27296,1.27288,2.25,3.23
15.11.2012 00:08:39.175,1.27296,1.27288,2.25,3.23
15.11.2012 00:08:44.926,1.27296,1.27288,2.25,1.88
15.11.2012 00:08:53.825,1.27295,1.27287,1.50,2.48
15.11.2012 00:09:05.918,1.27295,1.27288,1.50,1.73
15.11.2012 00:09:13.866,1.27295,1.27288,1.50,2.48
15.11.2012 00:09:17.037,1.27297,1.27290,1.73,2.48
15.11.2012 00:09:17.576,1.27298,1.27291,1.35,1.73
15.11.2012 00:09:21.657,1.27299,1.27291,2.48,1.73
15.11.2012 00:09:22.137,1.27296,1.27288,1.50,2.48
15.11.2012 00:09:22.736,1.27296,1.27288,1.50,2.48
15.11.2012 00:09:27.156,1.27296,1.27288,1.50,1.73
15.11.2012 00:09:27.886,1.27296,1.27288,1.50,1.73
15.11.2012 00:09:30.946,1.27298,1.27289,3.23,1.73
15.11.2012 00:09:31.305,1.27299,1.27292,1.73,1.50
15.11.2012 00:09:31.365,1.27298,1.27291,1.73,1.73
15.11.2012 00:09:32.377,1.27298,1.27291,1.73,1.50
15.11.2012 00:09:33.915,1.27298,1.27289,2.48,2.85
15.11.2012 00:09:35.435,1.27297,1.27289,1.73,1.73
15.11.2012 00:09:37.197,1.27296,1.27288,1.50,2.48
15.11.2012 00:09:37.498,1.27293,1.27286,1.73,2.85
15.11.2012 00:09:37.795,1.27293,1.27286,2.48,2.85
15.11.2012 00:09:44.952,1.27294,1.27287,1.73,2.10
15.11.2012 00:10:07.756,1.27297,1.27290,1.35,1.73
15.11.2012 00:10:08.056,1.27297,1.27289,2.10,1.73
15.11.2012 00:10:12.716,1.27295,1.27288,2.25,2.63
15.11.2012 00:10:12.897,1.27295,1.27288,2.25,2.85
15.11.2012 00:10:19.213,1.27295,1.27288,3.00,2.25
15.11.2012 00:10:19.286,1.27293,1.27288,2.25,1.50
15.11.2012 00:10:19.419,1.27291,1.27285,1.50,1.50
15.11.2012 00:10:19.727,1.27289,1.27282,1.73,3.23
15.11.2012 00:10:19.907,1.27288,1.27281,1.50,1.73
15.11.2012 00:10:19.969,1.27289,1.27282,1.73,1.73
15.11.2012 00:10:20.492,1.27289,1.27280,1.73,3.98
15.11.2012 00:10:24.827,1.27290,1.27282,1.13,1.73
15.11.2012 00:10:25.009,1.27290,1.27283,1.88,1.73
15.11.2012 00:10:25.256,1.27290,1.27281,3.38,3.23
15.11.2012 00:10:25.317,1.27290,1.27283,2.85,1.73
15.11.2012 00:10:25.878,1.27288,1.27281,2.48,1.73
15.11.2012 00:10:30.366,1.27290,1.27283,1.73,1.73
15.11.2012 00:10:31.487,1.27292,1.27286,1.50,3.75
15.11.2012 00:10:31.846,1.27296,1.27289,2.48,1.73
15.11.2012 00:10:32.576,1.27297,1.27291,1.73,1.50
15.11.2012 00:10:32.636,1.27299,1.27291,1.73,3.23
15.11.2012 00:10:34.666,1.27299,1.27290,2.48,1.73
15.11.2012 00:10:41.546,1.27299,1.27291,1.73,5.48
15.11.2012 00:10:41.905,1.27300,1.27292,1.73,2.48
15.11.2012 00:10:42.458,1.27300,1.27292,1.73,3.98
15.11.2012 00:10:56.806,1.27300,1.27292,2.10,2.48
15.11.2012 00:10:58.656,1.27300,1.27294,1.13,1.73
15.11.2012 00:10:58.956,1.27305,1.27299,1.13,2.25
15.11.2012 00:10:59.017,1.27306,1.27299,2.10,3.23
15.11.2012 00:10:59.256,1.27310,1.27301,3.60,3.23
15.11.2012 00:11:00.863,1.27310,1.27302,2.85,1.73
15.11.2012 00:11:02.806,1.27308,1.27301,1.73,2.48
15.11.2012 00:11:07.007,1.27307,1.27301,1.50,1.50
15.11.2012 00:11:07.126,1.27303,1.27296,2.48,1.73
15.11.2012 00:11:07.247,1.27302,1.27294,1.73,1.73
15.11.2012 00:11:07.367,1.27301,1.27293,1.73,3.98
15.11.2012 00:11:07.428,1.27301,1.27293,2.48,3.23
15.11.2012 00:11:07.986,1.27301,1.27293,1.73,3.23
15.11.2012 00:11:08.699,1.27299,1.27293,1.50,1.50
15.11.2012 00:11:08.767,1.27299,1.27292,2.48,1.73
15.11.2012 00:11:23.467,1.27300,1.27295,1.35,1.35
15.11.2012 00:11:23.527,1.27305,1.27295,3.38,2.33
15.11.2012 00:11:23.647,1.27303,1.27296,1.73,1.73
15.11.2012 00:11:23.768,1.27304,1.27296,1.73,2.48
15.11.2012 00:11:24.127,1.27309,1.27299,1.73,2.48
15.11.2012 00:11:24.503,1.27308,1.27300,2.48,2.48
15.11.2012 00:11:25.045,1.27309,1.27300,2.48,3.98
15.11.2012 00:11:25.771,1.27309,1.27300,2.48,3.98
15.11.2012 00:11:31.008,1.27308,1.27300,1.73,2.85
15.11.2012 00:11:32.496,1.27308,1.27300,1.50,2.48
15.11.2012 00:11:33.036,1.27308,1.27300,1.50,2.48
15.11.2012 00:11:41.383,1.27306,1.27300,3.23,2.48
15.11.2012 00:11:41.450,1.27305,1.27300,2.25,1.50
15.11.2012 00:11:41.577,1.27303,1.27297,1.73,1.73
15.11.2012 00:11:41.637,1.27303,1.27295,2.48,1.50
15.11.2012 00:11:42.058,1.27302,1.27294,1.73,1.35
15.11.2012 00:11:44.037,1.27303,1.27294,1.73,2.48
15.11.2012 00:11:44.157,1.27303,1.27296,1.73,1.73
15.11.2012 00:11:47.547,1.27306,1.27298,1.73,1.73
15.11.2012 00:11:47.606,1.27308,1.27298,1.73,2.48
15.11.2012 00:11:47.787,1.27308,1.27298,1.73,2.48
15.11.2012 00:11:50.377,1.27309,1.27300,3.23,2.48
15.11.2012 00:11:50.497,1.27309,1.27300,2.48,2.48
15.11.2012 00:11:50.857,1.27309,1.27300,2.48,1.73
15.11.2012 00:11:53.477,1.27309,1.27300,1.73,1.73
15.11.2012 00:11:54.026,1.27309,1.27301,3.23,1.73
15.11.2012 00:12:00.188,1.27309,1.27302,1.73,2.33
15.11.2012 00:12:00.489,1.27309,1.27302,1.35,2.48
15.11.2012 00:12:00.797,1.27308,1.27300,1.13,2.62
15.11.2012 00:12:01.097,1.27308,1.27299,1.88,2.25
15.11.2012 00:12:01.218,1.27308,1.27299,2.85,2.48
15.11.2012 00:12:01.457,1.27306,1.27300,1.73,1.73
15.11.2012 00:12:01.816,1.27306,1.27299,2.48,2.25
15.11.2012 00:12:02.177,1.27306,1.27299,2.25,2.25
15.11.2012 00:12:02.298,1.27308,1.27301,1.88,1.50
15.11.2012 00:12:02.856,1.27308,1.27301,1.50,1.50
15.11.2012 00:12:03.397,1.27309,1.27301,1.10,1.50
15.11.2012 00:12:05.820,1.27307,1.27300,1.73,1.73
15.11.2012 00:12:06.367,1.27307,1.27300,1.73,1.73
15.11.2012 00:12:07.727,1.27306,1.27299,1.53,2.48
15.11.2012 00:12:09.126,1.27306,1.27300,1.53,1.73
15.11.2012 00:12:09.671,1.27305,1.27298,1.53,2.48
15.11.2012 00:12:10.996,1.27306,1.27299,1.73,1.73
15.11.2012 00:12:12.056,1.27306,1.27299,1.73,1.73
15.11.2012 00:12:19.806,1.27309,1.27302,2.85,1.73
15.11.2012 00:12:20.336,1.27309,1.27302,2.10,1.73
15.11.2012 00:12:20.968,1.27309,1.27302,2.10,1.73
15.11.2012 00:12:34.256,1.27309,1.27302,1.73,1.73
15.11.2012 00:12:34.437,1.27307,1.27300,1.73,3.75
15.11.2012 00:12:34.986,1.27310,1.27303,2.10,1.73
15.11.2012 00:12:36.416,1.27310,1.27303,1.73,1.73
15.11.2012 00:12:42.528,1.27309,1.27301,1.73,2.25
15.11.2012 00:12:43.186,1.27308,1.27301,1.73,1.50
15.11.2012 00:12:45.467,1.27308,1.27301,1.50,1.50
15.11.2012 00:12:45.947,1.27311,1.27304,2.48,2.25
15.11.2012 00:12:46.448,1.27311,1.27304,2.48,2.25
15.11.2012 00:12:46.507,1.27311,1.27306,1.50,1.50
15.11.2012 00:12:47.046,1.27310,1.27303,1.50,1.73
15.11.2012 00:12:47.579,1.27310,1.27303,2.48,1.73
15.11.2012 00:12:55.988,1.27309,1.27302,1.73,1.73
15.11.2012 00:12:56.696,1.27309,1.27302,1.73,1.73
15.11.2012 00:12:59.056,1.27309,1.27301,1.73,1.50
15.11.2012 00:12:59.726,1.27309,1.27302,1.73,1.50
15.11.2012 00:13:00.386,1.27308,1.27300,1.73,1.73
15.11.2012 00:13:06.127,1.27306,1.27297,3.78,2.48
15.11.2012 00:13:08.646,1.27305,1.27297,3.78,1.73
15.11.2012 00:13:09.982,1.27306,1.27297,3.23,2.48
15.11.2012 00:13:30.317,1.27305,1.27297,5.48,1.73
15.11.2012 00:13:30.619,1.27305,1.27298,2.48,5.48
15.11.2012 00:13:30.748,1.27308,1.27300,2.10,3.23
15.11.2012 00:13:31.307,1.27309,1.27301,1.73,2.48
15.11.2012 00:13:34.797,1.27309,1.27302,2.48,1.73
15.11.2012 00:13:35.836,1.27309,1.27302,2.48,1.73
15.11.2012 00:13:37.716,1.27308,1.27301,1.73,1.35
15.11.2012 00:13:38.341,1.27309,1.27302,1.73,1.35
15.11.2012 00:13:38.807,1.27309,1.27302,1.73,1.35
15.11.2012 00:13:38.927,1.27306,1.27299,1.73,1.73
15.11.2012 00:13:40.868,1.27302,1.27297,1.35,1.73
15.11.2012 00:13:41.176,1.27302,1.27296,2.33,1.13
15.11.2012 00:13:41.566,1.27301,1.27294,1.73,1.73
15.11.2012 00:13:42.116,1.27300,1.27293,1.73,2.10
15.11.2012 00:13:42.666,1.27300,1.27293,1.73,2.10
15.11.2012 00:13:42.906,1.27301,1.27293,1.73,1.88
15.11.2012 00:13:43.446,1.27301,1.27293,1.73,2.10
15.11.2012 00:13:43.978,1.27301,1.27293,1.73,2.10
15.11.2012 00:13:44.518,1.27299,1.27292,3.83,1.50
15.11.2012 00:13:44.638,1.27299,1.27292,4.58,1.50
15.11.2012 00:13:45.283,1.27299,1.27292,4.58,1.73
15.11.2012 00:13:48.037,1.27299,1.27292,4.58,1.73
15.11.2012 00:13:48.517,1.27299,1.27292,2.25,1.73
15.11.2012 00:13:49.040,1.27300,1.27293,1.73,1.73
15.11.2012 00:13:49.896,1.27300,1.27293,1.73,1.73
15.11.2012 00:13:50.437,1.27298,1.27291,1.73,1.73
15.11.2012 00:13:50.977,1.27299,1.27292,1.73,1.73
15.11.2012 00:13:54.707,1.27300,1.27295,1.50,1.50
15.11.2012 00:13:55.249,1.27303,1.27298,1.50,1.50
15.11.2012 00:13:55.327,1.27305,1.27298,1.50,2.25
15.11.2012 00:13:55.507,1.27306,1.27298,5.10,2.25
15.11.2012 00:13:55.566,1.27306,1.27299,4.35,1.50
15.11.2012 00:13:58.888,1.27306,1.27299,1.50,2.25
15.11.2012 00:13:59.007,1.27302,1.27296,2.25,1.73
15.11.2012 00:14:01.407,1.27303,1.27299,1.50,1.50
15.11.2012 00:14:01.647,1.27306,1.27299,1.50,2.85
15.11.2012 00:14:02.187,1.27308,1.27300,2.25,2.48
15.11.2012 00:14:02.726,1.27310,1.27301,3.98,2.48
15.11.2012 00:14:04.739,1.27311,1.27303,1.73,3.75
15.11.2012 00:14:05.049,1.27314,1.27306,1.73,4.35
15.11.2012 00:14:05.297,1.27320,1.27309,1.50,1.73
15.11.2012 00:14:06.386,1.27317,1.27309,1.73,2.48
15.11.2012 00:14:06.647,1.27316,1.27309,1.50,2.48
15.11.2012 00:14:07.006,1.27311,1.27305,1.50,3.23
15.11.2012 00:14:07.307,1.27311,1.27302,2.48,3.23
15.11.2012 00:14:08.167,1.27311,1.27302,1.73,3.23
15.11.2012 00:14:09.128,1.27310,1.27302,2.10,2.48
15.11.2012 00:14:12.999,1.27309,1.27300,2.48,1.35
15.11.2012 00:14:16.477,1.27308,1.27299,2.25,1.73
15.11.2012 00:14:16.554,1.27308,1.27299,2.48,1.73
15.11.2012 00:14:29.826,1.27308,1.27299,1.50,1.50
15.11.2012 00:14:29.946,1.27304,1.27297,2.48,2.25
15.11.2012 00:14:32.601,1.27304,1.27297,2.48,2.25
15.11.2012 00:14:32.759,1.27307,1.27300,2.25,1.50
15.11.2012 00:14:33.067,1.27308,1.27301,1.73,2.48
15.11.2012 00:14:33.186,1.27308,1.27301,1.50,2.48
15.11.2012 00:14:33.736,1.27310,1.27302,2.48,1.73
15.11.2012 00:14:34.544,1.27310,1.27302,2.48,1.73
15.11.2012 00:14:40.047,1.27308,1.27301,3.83,1.73
15.11.2012 00:14:40.767,1.27309,1.27301,1.73,2.48
15.11.2012 00:14:41.327,1.27311,1.27303,2.48,1.73
15.11.2012 00:14:43.077,1.27309,1.27302,2.85,1.73
15.11.2012 00:14:43.197,1.27308,1.27301,1.73,2.48
15.11.2012 00:14:44.846,1.27308,1.27301,1.73,1.73
15.11.2012 00:14:45.367,1.27308,1.27300,1.73,2.48
15.11.2012 00:14:45.678,1.27309,1.27302,2.85,1.50
15.11.2012 00:14:46.037,1.27313,1.27304,2.48,2.25
15.11.2012 00:14:46.097,1.27313,1.27307,2.48,1.50
15.11.2012 00:14:46.278,1.27315,1.27307,3.15,1.50
15.11.2012 00:14:46.337,1.27315,1.27309,3.15,1.50
15.11.2012 00:14:49.498,1.27314,1.27307,1.73,1.50
15.11.2012 00:14:50.039,1.27313,1.27305,3.23,1.73
15.11.2012 00:14:52.048,1.27315,1.27308,4.28,2.48
15.11.2012 00:14:52.178,1.27317,1.27310,1.73,1.73
15.11.2012 00:14:52.299,1.27314,1.27307,1.88,2.48
15.11.2012 00:14:52.358,1.27313,1.27305,2.10,2.48
15.11.2012 00:14:52.477,1.27310,1.27303,1.50,2.48
15.11.2012 00:14:52.837,1.27310,1.27301,1.50,1.73
15.11.2012 00:14:52.899,1.27309,1.27301,1.73,1.73
15.11.2012 00:14:53.582,1.27309,1.27300,2.48,2.48
15.11.2012 00:15:02.527,1.27309,1.27301,2.10,2.48
15.11.2012 00:15:02.886,1.27309,1.27300,5.70,1.73
15.11.2012 00:15:05.597,1.27306,1.27298,1.73,1.73
15.11.2012 00:15:08.447,1.27305,1.27296,2.25,3.60
15.11.2012 00:15:08.748,1.27304,1.27296,2.48,2.85
15.11.2012 00:15:11.498,1.27300,1.27293,1.50,2.85
15.11.2012 00:15:11.617,1.27302,1.27296,2.48,1.73
15.11.2012 00:15:12.157,1.27303,1.27296,1.73,3.98
15.11.2012 00:15:12.338,1.27303,1.27297,1.73,1.73
15.11.2012 00:15:12.697,1.27306,1.27298,1.73,2.48
15.11.2012 00:15:13.000,1.27301,1.27296,1.50,1.73
15.11.2012 00:15:13.307,1.27301,1.27294,4.58,1.73
15.11.2012 00:15:13.367,1.27301,1.27294,4.58,2.48
15.11.2012 00:15:13.906,1.27298,1.27291,1.73,1.73
15.11.2012 00:15:14.557,1.27298,1.27291,1.73,1.73
15.11.2012 00:15:15.175,1.27297,1.27290,2.25,1.13
15.11.2012 00:15:43.517,1.27297,1.27290,2.25,2.48
15.11.2012 00:15:53.966,1.27297,1.27288,3.00,3.60
15.11.2012 00:16:11.018,1.27295,1.27288,1.50,2.48
15.11.2012 00:16:11.138,1.27293,1.27287,3.60,2.63
15.11.2012 00:16:11.258,1.27292,1.27284,2.48,3.98
15.11.2012 00:16:11.377,1.27288,1.27284,1.50,1.50
15.11.2012 00:16:11.619,1.27286,1.27280,1.73,1.73
15.11.2012 00:16:11.747,1.27285,1.27279,4.50,1.50
15.11.2012 00:16:12.048,1.27282,1.27278,1.50,1.88
15.11.2012 00:16:12.535,1.27281,1.27272,4.58,1.73
15.11.2012 00:16:12.597,1.27280,1.27272,1.50,1.73
15.11.2012 00:16:13.136,1.27280,1.27269,5.33,3.98
15.11.2012 00:16:13.316,1.27280,1.27269,5.33,3.98
15.11.2012 00:16:14.046,1.27280,1.27269,6.00,4.73
15.11.2012 00:16:14.597,1.27280,1.27271,2.25,2.48
15.11.2012 00:16:14.780,1.27282,1.27275,1.65,1.73
15.11.2012 00:16:14.849,1.27282,1.27276,1.73,1.73
15.11.2012 00:16:14.908,1.27282,1.27275,1.50,2.48
15.11.2012 00:16:15.446,1.27282,1.27276,1.50,1.50
15.11.2012 00:16:15.688,1.27282,1.27275,2.48,1.73
15.11.2012 00:16:17.907,1.27283,1.27276,2.10,1.73
15.11.2012 00:16:19.948,1.27284,1.27276,1.73,1.73
15.11.2012 00:16:20.127,1.27287,1.27278,2.25,2.48
15.11.2012 00:16:21.119,1.27285,1.27278,1.50,2.48
15.11.2012 00:16:21.357,1.27284,1.27276,4.73,3.98
15.11.2012 00:16:21.925,1.27283,1.27276,1.73,2.48
15.11.2012 00:16:22.848,1.27280,1.27276,1.50,1.73
15.11.2012 00:16:23.431,1.27280,1.27274,2.25,1.50
15.11.2012 00:16:23.947,1.27280,1.27275,1.50,1.73
15.11.2012 00:16:24.249,1.27280,1.27274,1.50,1.50
15.11.2012 00:16:24.990,1.27281,1.27274,2.48,1.73
15.11.2012 00:16:27.068,1.27281,1.27274,3.89,1.73
15.11.2012 00:16:27.427,1.27283,1.27275,1.73,3.60
15.11.2012 00:16:28.834,1.27280,1.27274,1.50,1.73
15.11.2012 00:16:29.019,1.27278,1.27272,2.48,1.73
15.11.2012 00:16:36.971,1.27280,1.27274,3.08,1.73
15.11.2012 00:16:37.158,1.27283,1.27276,2.85,2.48
15.11.2012 00:16:37.398,1.27285,1.27278,2.48,1.73
15.11.2012 00:16:37.577,1.27286,1.27278,3.23,2.48
15.11.2012 00:16:38.185,1.27289,1.27280,2.48,1.73
15.11.2012 00:16:41.028,1.27289,1.27280,2.48,2.48
15.11.2012 00:16:42.487,1.27288,1.27280,1.50,1.73
15.11.2012 00:16:45.577,1.27289,1.27281,3.23,2.48
15.11.2012 00:16:46.058,1.27285,1.27278,3.00,2.10
15.11.2012 00:16:46.118,1.27285,1.27278,3.23,1.50
15.11.2012 00:16:46.177,1.27285,1.27277,3.23,2.48
15.11.2012 00:16:46.479,1.27280,1.27273,3.75,2.25
15.11.2012 00:16:46.991,1.27280,1.27273,3.75,1.50
15.11.2012 00:16:47.792,1.27280,1.27273,3.75,1.73
15.11.2012 00:16:50.236,1.27280,1.27273,1.50,1.73
15.11.2012 00:16:55.690,1.27280,1.27272,2.25,1.73
15.11.2012 00:16:55.817,1.27280,1.27273,3.98,2.48
15.11.2012 00:16:55.878,1.27280,1.27273,3.00,2.48
15.11.2012 00:16:56.179,1.27285,1.27277,2.10,1.73
15.11.2012 00:16:56.247,1.27285,1.27277,2.10,1.73
15.11.2012 00:16:56.547,1.27284,1.27277,1.50,3.23
15.11.2012 00:17:03.667,1.27287,1.27279,1.73,3.98
15.11.2012 00:17:03.908,1.27288,1.27281,1.73,1.73
15.11.2012 00:17:04.447,1.27287,1.27279,1.50,3.23
15.11.2012 00:17:05.707,1.27287,1.27278,2.25,2.48
15.11.2012 00:17:05.769,1.27286,1.27278,1.50,1.73
15.11.2012 00:17:08.237,1.27285,1.27278,2.25,1.73
15.11.2012 00:17:08.298,1.27284,1.27278,1.35,1.73
15.11.2012 00:17:08.944,1.27284,1.27276,2.85,2.48
15.11.2012 00:17:09.018,1.27284,1.27277,1.13,3.23
15.11.2012 00:17:09.579,1.27286,1.27278,1.73,1.73
15.11.2012 00:17:16.157,1.27288,1.27281,3.23,1.73
15.11.2012 00:17:24.151,1.27287,1.27280,2.10,1.73
15.11.2012 00:17:28.937,1.27286,1.27278,1.73,2.48
15.11.2012 00:17:30.567,1.27286,1.27278,1.73,2.48
15.11.2012 00:17:33.378,1.27287,1.27280,1.13,3.23
15.11.2012 00:17:33.898,1.27288,1.27280,1.35,3.98
15.11.2012 00:17:53.189,1.27288,1.27281,3.23,1.73
15.11.2012 00:17:54.250,1.27288,1.27280,3.23,1.73
15.11.2012 00:17:56.679,1.27290,1.27282,1.88,1.73
15.11.2012 00:17:56.979,1.27296,1.27288,2.48,1.73
15.11.2012 00:17:59.067,1.27296,1.27288,1.73,1.73
15.11.2012 00:18:00.728,1.27294,1.27286,1.50,4.73
15.11.2012 00:18:01.276,1.27296,1.27288,1.73,1.73
15.11.2012 00:18:01.827,1.27296,1.27289,1.73,1.73
15.11.2012 00:18:04.187,1.27296,1.27289,1.73,2.48
15.11.2012 00:18:06.075,1.27296,1.27289,1.73,1.73
15.11.2012 00:18:08.427,1.27298,1.27289,3.23,2.48
15.11.2012 00:18:08.780,1.27299,1.27292,2.25,2.25
15.11.2012 00:18:09.032,1.27299,1.27292,2.48,1.50
15.11.2012 00:18:11.507,1.27299,1.27292,1.73,1.73
15.11.2012 00:18:13.428,1.27296,1.27290,1.50,3.23
15.11.2012 00:18:13.728,1.27292,1.27285,1.50,2.25
15.11.2012 00:18:14.027,1.27289,1.27282,1.73,2.10
15.11.2012 00:18:19.947,1.27289,1.27281,2.48,1.13
15.11.2012 00:18:20.068,1.27287,1.27280,1.73,2.10
15.11.2012 00:18:31.403,1.27287,1.27280,1.73,1.73
15.11.2012 00:18:35.829,1.27287,1.27280,1.73,1.73
15.11.2012 00:18:37.299,1.27284,1.27278,1.50,1.73
15.11.2012 00:18:37.658,1.27280,1.27273,1.50,1.73
15.11.2012 00:18:37.837,1.27281,1.27274,2.25,1.73
15.11.2012 00:18:38.387,1.27281,1.27273,3.00,1.73
15.11.2012 00:18:39.947,1.27281,1.27272,3.00,2.48
15.11.2012 00:18:40.461,1.27280,1.27272,2.48,1.73
15.11.2012 00:18:41.008,1.27279,1.27271,3.23,1.35
15.11.2012 00:18:46.546,1.27279,1.27272,2.48,1.73
15.11.2012 00:18:47.388,1.27280,1.27273,1.73,1.73
15.11.2012 00:18:47.927,1.27281,1.27273,2.48,1.73
15.11.2012 00:18:50.008,1.27281,1.27273,3.23,2.10
15.11.2012 00:18:54.338,1.27277,1.27271,4.50,1.73
15.11.2012 00:18:54.458,1.27277,1.27270,4.73,2.10
15.11.2012 00:19:00.947,1.27277,1.27270,6.23,1.73
15.11.2012 00:19:04.901,1.27277,1.27269,5.48,1.13
15.11.2012 00:19:05.458,1.27277,1.27269,5.48,1.35
15.11.2012 00:19:09.428,1.27275,1.27267,3.00,1.13
15.11.2012 00:19:09.728,1.27273,1.27266,1.73,2.10
15.11.2012 00:19:09.907,1.27273,1.27267,1.73,1.50
15.11.2012 00:19:10.457,1.27274,1.27268,4.73,1.73
15.11.2012 00:19:18.489,1.27275,1.27268,1.50,2.48
15.11.2012 00:19:30.206,1.27276,1.27270,1.73,1.73
15.11.2012 00:19:32.417,1.27278,1.27271,1.73,2.48
15.11.2012 00:19:32.957,1.27280,1.27272,2.33,1.73
15.11.2012 00:19:34.812,1.27282,1.27273,2.85,2.48
15.11.2012 00:19:44.118,1.27284,1.27277,3.83,1.73
15.11.2012 00:19:44.478,1.27285,1.27279,1.50,1.73
15.11.2012 00:19:44.837,1.27287,1.27280,1.35,1.73
15.11.2012 00:19:47.512,1.27286,1.27279,1.50,1.73
15.11.2012 00:20:15.917,1.27286,1.27280,1.50,1.73
15.11.2012 00:20:16.037,1.27287,1.27280,1.73,2.48
15.11.2012 00:20:16.221,1.27288,1.27280,1.73,2.48
15.11.2012 00:20:25.495,1.27287,1.27280,1.50,2.48
15.11.2012 00:20:36.629,1.27285,1.27278,1.50,3.00
15.11.2012 00:20:36.867,1.27283,1.27278,1.73,3.00
15.11.2012 00:20:37.360,1.27285,1.27276,2.85,2.48
15.11.2012 00:20:37.437,1.27285,1.27277,2.85,2.48
15.11.2012 00:20:37.897,1.27286,1.27278,1.73,1.73
15.11.2012 00:20:55.447,1.27286,1.27278,1.73,1.73
15.11.2012 00:21:02.858,1.27287,1.27278,1.73,3.23
15.11.2012 00:21:04.817,1.27286,1.27279,1.73,1.35
15.11.2012 00:21:46.748,1.27288,1.27281,2.48,1.73
15.11.2012 00:21:47.928,1.27292,1.27284,2.03,1.50
15.11.2012 00:21:48.229,1.27293,1.27284,1.50,3.23
15.11.2012 00:21:48.410,1.27292,1.27284,3.38,2.48
15.11.2012 00:21:48.529,1.27289,1.27283,2.25,2.25
15.11.2012 00:21:48.648,1.27288,1.27282,1.50,1.73
15.11.2012 00:21:48.888,1.27290,1.27283,1.73,2.25
15.11.2012 00:21:49.070,1.27294,1.27288,2.25,1.50
15.11.2012 00:21:49.199,1.27294,1.27289,1.50,1.73
15.11.2012 00:21:49.499,1.27295,1.27289,2.33,2.48
15.11.2012 00:21:50.028,1.27297,1.27290,3.60,1.73
15.11.2012 00:21:50.088,1.27294,1.27290,1.65,1.50
15.11.2012 00:21:50.229,1.27297,1.27290,2.10,1.73
15.11.2012 00:21:51.548,1.27297,1.27290,1.50,2.48
15.11.2012 00:21:52.087,1.27299,1.27291,1.73,1.73
15.11.2012 00:21:54.628,1.27299,1.27290,2.85,3.23
15.11.2012 00:21:55.169,1.27298,1.27290,1.73,1.73
15.11.2012 00:21:59.983,1.27298,1.27290,1.73,1.73
15.11.2012 00:22:00.808,1.27298,1.27290,1.73,1.73
15.11.2012 00:22:06.517,1.27299,1.27291,1.73,1.73
15.11.2012 00:22:11.279,1.27299,1.27292,1.50,1.73
15.11.2012 00:22:26.320,1.27302,1.27294,1.88,1.50
15.11.2012 00:22:26.509,1.27304,1.27297,1.73,2.48
15.11.2012 00:22:26.568,1.27306,1.27297,2.40,2.48
15.11.2012 00:22:26.989,1.27307,1.27300,1.35,1.73
15.11.2012 00:22:28.757,1.27310,1.27302,2.48,1.73
15.11.2012 00:22:29.827,1.27308,1.27301,1.73,1.73
15.11.2012 00:22:37.037,1.27308,1.27301,1.73,1.73
15.11.2012 00:22:37.597,1.27309,1.27300,1.73,2.48
15.11.2012 00:22:39.819,1.27309,1.27301,1.73,1.73
15.11.2012 00:22:42.848,1.27311,1.27304,1.50,1.73
15.11.2012 00:22:42.908,1.27313,1.27306,3.98,2.48
15.11.2012 00:22:43.159,1.27313,1.27309,2.25,1.13
15.11.2012 00:22:43.457,1.27315,1.27310,1.50,2.25
15.11.2012 00:22:43.890,1.27319,1.27310,2.48,1.73
15.11.2012 00:22:45.570,1.27314,1.27309,1.50,1.50
15.11.2012 00:22:45.637,1.27314,1.27307,2.48,1.73
15.11.2012 00:22:45.819,1.27311,1.27306,2.25,1.50
15.11.2012 00:22:45.998,1.27309,1.27302,1.73,3.23
15.11.2012 00:22:47.408,1.27313,1.27304,2.85,2.48
15.11.2012 00:22:47.708,1.27308,1.27303,1.50,2.25
15.11.2012 00:22:47.768,1.27307,1.27303,1.50,1.50
15.11.2012 00:22:47.829,1.27306,1.27298,1.73,1.50
15.11.2012 00:22:48.279,1.27302,1.27297,1.73,2.03
15.11.2012 00:22:48.590,1.27306,1.27299,3.23,3.00
15.11.2012 00:22:48.803,1.27303,1.27298,1.73,1.50
15.11.2012 00:22:48.870,1.27303,1.27297,1.73,1.73
15.11.2012 00:22:49.128,1.27300,1.27293,2.48,5.10
15.11.2012 00:22:49.547,1.27300,1.27293,1.73,1.50
15.11.2012 00:22:50.029,1.27301,1.27294,1.35,1.50
15.11.2012 00:22:50.448,1.27302,1.27294,1.35,3.98
15.11.2012 00:22:50.687,1.27303,1.27296,2.48,1.73
15.11.2012 00:22:51.048,1.27301,1.27294,3.23,3.23
15.11.2012 00:22:52.638,1.27301,1.27294,3.23,3.98
15.11.2012 00:22:52.999,1.27303,1.27297,3.23,1.50
15.11.2012 00:22:53.059,1.27303,1.27297,1.73,2.48
15.11.2012 00:22:53.120,1.27305,1.27299,5.25,7.50
15.11.2012 00:22:53.249,1.27305,1.27302,1.50,2.25
15.11.2012 00:22:53.430,1.27307,1.27302,2.63,3.00
15.11.2012 00:22:53.868,1.27312,1.27304,1.73,1.73
15.11.2012 00:22:56.367,1.27310,1.27303,1.73,1.73
15.11.2012 00:22:58.687,1.27310,1.27302,1.73,1.50
15.11.2012 00:22:58.877,1.27310,1.27301,1.73,3.98
15.11.2012 00:23:01.570,1.27307,1.27301,1.50,3.23
15.11.2012 00:23:01.928,1.27304,1.27296,2.48,1.73
15.11.2012 00:23:03.508,1.27303,1.27296,1.73,3.98
15.11.2012 00:23:06.222,1.27301,1.27294,2.48,2.10
15.11.2012 00:23:06.288,1.27301,1.27294,3.98,1.35
15.11.2012 00:23:07.428,1.27297,1.27291,1.50,1.35
15.11.2012 00:23:07.487,1.27297,1.27291,1.73,1.35
15.11.2012 00:23:07.997,1.27297,1.27290,2.48,1.35
15.11.2012 00:23:08.387,1.27298,1.27291,1.73,2.10
15.11.2012 00:23:09.608,1.27298,1.27291,1.73,1.73
15.11.2012 00:23:10.151,1.27298,1.27290,1.73,1.73
15.11.2012 00:23:12.127,1.27295,1.27289,5.25,1.50
15.11.2012 00:23:12.427,1.27294,1.27286,1.73,2.48
15.11.2012 00:23:17.379,1.27295,1.27289,1.50,1.50
15.11.2012 00:23:17.438,1.27297,1.27290,2.48,2.48
15.11.2012 00:23:18.148,1.27298,1.27290,1.35,2.48
15.11.2012 00:23:19.808,1.27294,1.27288,1.50,2.25
15.11.2012 00:23:20.048,1.27291,1.27282,3.83,1.73
15.11.2012 00:23:27.739,1.27289,1.27282,2.10,1.73
15.11.2012 00:23:28.288,1.27288,1.27281,1.73,1.73
15.11.2012 00:23:33.398,1.27288,1.27279,3.23,2.48
15.11.2012 00:23:51.467,1.27285,1.27278,1.50,1.13
15.11.2012 00:23:52.491,1.27285,1.27277,1.50,2.48
15.11.2012 00:23:56.951,1.27286,1.27280,1.73,2.48
15.11.2012 00:23:57.089,1.27289,1.27280,1.73,4.73
15.11.2012 00:23:58.699,1.27288,1.27280,3.83,3.00
15.11.2012 00:23:58.760,1.27285,1.27279,1.73,1.50
15.11.2012 00:23:58.818,1.27285,1.27278,3.98,2.85
15.11.2012 00:23:59.068,1.27282,1.27274,3.00,2.63
15.11.2012 00:23:59.188,1.27280,1.27274,1.50,2.10
15.11.2012 00:23:59.248,1.27279,1.27272,1.50,1.88
15.11.2012 00:23:59.369,1.27278,1.27274,1.50,1.73
15.11.2012 00:23:59.749,1.27280,1.27275,3.75,1.35
15.11.2012 00:24:00.107,1.27280,1.27272,1.73,1.50
15.11.2012 00:24:00.528,1.27279,1.27272,1.73,1.73
15.11.2012 00:24:00.770,1.27280,1.27272,2.63,2.48
15.11.2012 00:24:01.078,1.27284,1.27276,1.73,2.48
15.11.2012 00:24:01.329,1.27284,1.27277,2.48,1.73
15.11.2012 00:24:01.507,1.27283,1.27275,2.48,2.48
15.11.2012 00:24:03.317,1.27281,1.27274,2.48,2.63
15.11.2012 00:24:03.618,1.27275,1.27267,2.48,1.50
15.11.2012 00:24:04.038,1.27273,1.27268,2.25,1.50
15.11.2012 00:24:04.157,1.27271,1.27264,2.48,3.53
15.11.2012 00:24:04.717,1.27271,1.27265,1.73,1.13
15.11.2012 00:24:05.908,1.27273,1.27265,3.00,1.13
15.11.2012 00:24:06.623,1.27271,1.27264,1.73,3.98
15.11.2012 00:24:07.222,1.27275,1.27268,6.47,1.50
15.11.2012 00:24:07.468,1.27279,1.27272,1.50,3.23
15.11.2012 00:24:07.529,1.27280,1.27274,2.25,1.50
15.11.2012 00:24:07.648,1.27281,1.27276,1.50,1.73
15.11.2012 00:24:07.830,1.27284,1.27277,1.13,1.73
15.11.2012 00:24:07.901,1.27286,1.27277,1.73,2.48
15.11.2012 00:24:07.969,1.27286,1.27279,1.73,1.73
15.11.2012 00:24:08.028,1.27286,1.27277,1.73,3.23
15.11.2012 00:24:09.078,1.27290,1.27282,1.50,1.50
15.11.2012 00:24:11.058,1.27289,1.27282,3.08,1.50
15.11.2012 00:24:11.618,1.27289,1.27282,3.08,1.50
15.11.2012 00:24:12.541,1.27288,1.27281,1.73,1.50
15.11.2012 00:24:13.609,1.27288,1.27281,1.50,1.50
15.11.2012 00:24:15.008,1.27288,1.27280,1.73,1.50
15.11.2012 00:24:15.440,1.27286,1.27279,2.48,1.73
15.11.2012 00:24:21.967,1.27286,1.27279,2.48,1.73
15.11.2012 00:24:22.634,1.27286,1.27279,2.48,1.73
15.11.2012 00:24:24.208,1.27286,1.27279,1.73,2.48
15.11.2012 00:24:24.847,1.27288,1.27280,2.10,2.48
15.11.2012 00:24:32.588,1.27288,1.27281,2.48,2.48
15.11.2012 00:24:39.100,1.27290,1.27283,2.10,1.73
15.11.2012 00:24:39.748,1.27290,1.27283,2.10,1.73
15.11.2012 00:24:39.929,1.27292,1.27285,3.98,1.50
15.11.2012 00:24:40.290,1.27296,1.27289,2.03,1.50
15.11.2012 00:24:40.409,1.27296,1.27289,2.25,1.73
15.11.2012 00:24:40.830,1.27296,1.27289,2.25,1.73
15.11.2012 00:24:41.368,1.27297,1.27289,2.10,1.73
15.11.2012 00:24:41.889,1.27297,1.27289,2.10,1.73
15.11.2012 00:24:46.129,1.27296,1.27289,1.73,1.73
15.11.2012 00:25:00.478,1.27296,1.27288,1.73,1.73
15.11.2012 00:25:03.868,1.27296,1.27288,2.48,1.73
15.11.2012 00:25:05.209,1.27296,1.27288,2.48,1.73
15.11.2012 00:25:09.850,1.27294,1.27287,2.48,1.73
15.11.2012 00:25:10.527,1.27288,1.27281,3.75,1.73
15.11.2012 00:25:10.599,1.27288,1.27280,3.98,3.38
15.11.2012 00:25:10.659,1.27288,1.27280,3.98,1.73
15.11.2012 00:25:11.179,1.27288,1.27280,3.23,1.73
15.11.2012 00:25:16.039,1.27287,1.27279,2.48,2.48
15.11.2012 00:25:24.582,1.27286,1.27279,2.10,2.25
15.11.2012 00:25:27.289,1.27284,1.27278,1.35,1.73
15.11.2012 00:25:29.193,1.27282,1.27274,2.48,3.23
15.11.2012 00:25:29.659,1.27280,1.27273,4.73,2.48
15.11.2012 00:25:29.753,1.27278,1.27270,3.60,2.48
15.11.2012 00:25:30.080,1.27277,1.27269,1.73,2.48
15.11.2012 00:25:30.199,1.27278,1.27271,3.60,1.50
15.11.2012 00:25:31.113,1.27278,1.27270,4.35,1.73
15.11.2012 00:25:32.169,1.27278,1.27270,4.35,1.73
15.11.2012 00:25:34.530,1.27278,1.27271,4.35,1.50
15.11.2012 00:25:35.520,1.27278,1.27271,3.60,1.50
15.11.2012 00:25:37.500,1.27277,1.27269,1.73,2.48
15.11.2012 00:25:37.563,1.27278,1.27271,3.60,1.50
15.11.2012 00:25:38.334,1.27278,1.27271,3.60,1.50
15.11.2012 00:25:40.061,1.27278,1.27269,5.10,1.73
15.11.2012 00:25:40.760,1.27277,1.27268,1.50,2.48
15.11.2012 00:25:45.760,1.27276,1.27269,1.50,1.73
15.11.2012 00:25:45.999,1.27276,1.27269,1.50,1.73
15.11.2012 00:25:46.090,1.27276,1.27269,1.50,1.73
15.11.2012 00:25:47.348,1.27276,1.27269,1.50,1.73
15.11.2012 00:25:47.820,1.27278,1.27271,2.85,1.73
15.11.2012 00:25:48.580,1.27278,1.27271,1.35,1.73
15.11.2012 00:25:49.049,1.27278,1.27270,2.85,2.48
15.11.2012 00:25:49.120,1.27278,1.27271,1.35,1.73
15.11.2012 00:25:49.943,1.27278,1.27271,1.73,1.73
15.11.2012 00:25:50.942,1.27278,1.27271,1.73,1.73
15.11.2012 00:25:53.812,1.27276,1.27270,1.50,1.73
15.11.2012 00:25:54.359,1.27276,1.27270,1.50,1.73
15.11.2012 00:25:57.509,1.27276,1.27269,1.50,2.48
15.11.2012 00:25:58.058,1.27276,1.27270,1.50,1.73
15.11.2012 00:26:00.839,1.27276,1.27270,1.50,1.73
15.11.2012 00:26:14.040,1.27276,1.27268,1.50,3.23
15.11.2012 00:26:14.230,1.27275,1.27268,1.73,1.73
15.11.2012 00:26:14.589,1.27274,1.27268,2.10,1.50
15.11.2012 00:26:14.949,1.27269,1.27260,1.73,2.48
15.11.2012 00:26:15.009,1.27271,1.27265,2.25,1.73
15.11.2012 00:26:15.130,1.27269,1.27265,1.73,1.73
15.11.2012 00:26:15.251,1.27275,1.27266,3.60,1.73
15.11.2012 00:26:15.822,1.27274,1.27268,1.73,1.73
15.11.2012 00:26:15.967,1.27276,1.27269,1.13,3.98
15.11.2012 00:26:16.034,1.27275,1.27271,1.13,1.73
15.11.2012 00:26:17.019,1.27277,1.27270,3.00,3.23
15.11.2012 00:26:18.289,1.27277,1.27270,3.00,2.48
15.11.2012 00:26:18.894,1.27277,1.27270,3.00,2.48
15.11.2012 00:26:19.532,1.27277,1.27270,3.00,4.73
15.11.2012 00:26:19.841,1.27279,1.27272,1.73,2.48
15.11.2012 00:26:19.899,1.27279,1.27272,1.73,2.48
15.11.2012 00:26:20.080,1.27279,1.27272,1.73,2.48
15.11.2012 00:26:20.139,1.27279,1.27272,1.73,3.23
15.11.2012 00:26:20.260,1.27279,1.27272,2.48,3.23
15.11.2012 00:26:20.379,1.27279,1.27272,2.48,2.48
15.11.2012 00:26:20.930,1.27277,1.27270,1.50,2.10
15.11.2012 00:26:25.020,1.27277,1.27269,1.50,3.23
15.11.2012 00:26:25.400,1.27278,1.27269,2.85,3.23
15.11.2012 00:26:37.860,1.27277,1.27270,2.25,1.73
15.11.2012 00:26:37.922,1.27275,1.27268,1.50,2.25
15.11.2012 00:26:37.990,1.27275,1.27269,1.73,1.73
15.11.2012 00:26:38.051,1.27275,1.27269,1.50,1.73
15.11.2012 00:26:38.614,1.27277,1.27270,2.25,1.73
15.11.2012 00:26:40.123,1.27277,1.27270,2.25,3.23
15.11.2012 00:26:41.209,1.27277,1.27269,3.23,2.10
15.11.2012 00:26:41.629,1.27276,1.27269,1.50,2.10
15.11.2012 00:26:42.181,1.27278,1.27270,2.85,1.73
15.11.2012 00:26:42.912,1.27278,1.27270,2.85,1.73
15.11.2012 00:26:52.289,1.27278,1.27270,1.73,3.60
15.11.2012 00:27:06.970,1.27278,1.27271,1.35,1.73
15.11.2012 00:27:07.029,1.27277,1.27268,1.88,3.98
15.11.2012 00:27:07.090,1.27274,1.27268,2.48,3.23
15.11.2012 00:27:07.330,1.27274,1.27266,2.85,1.50
15.11.2012 00:27:07.630,1.27273,1.27264,2.48,3.23
15.11.2012 00:27:07.870,1.27272,1.27264,2.48,2.48
15.11.2012 00:27:08.195,1.27271,1.27263,1.73,2.48
15.11.2012 00:27:08.751,1.27270,1.27262,2.48,1.73
15.11.2012 00:27:08.871,1.27270,1.27262,1.73,1.73
15.11.2012 00:27:09.409,1.27269,1.27260,1.73,3.98
15.11.2012 00:27:14.069,1.27266,1.27260,1.50,2.48
15.11.2012 00:27:14.550,1.27266,1.27256,3.23,2.25
15.11.2012 00:27:14.671,1.27266,1.27259,2.63,1.73
15.11.2012 00:27:14.739,1.27268,1.27259,2.48,2.48
15.11.2012 00:27:17.319,1.27268,1.27261,1.73,1.73
15.11.2012 00:27:19.980,1.27270,1.27264,1.50,1.50
15.11.2012 00:27:20.280,1.27273,1.27266,1.35,1.73
15.11.2012 00:27:21.190,1.27273,1.27266,4.73,2.48
15.11.2012 00:27:21.371,1.27270,1.27263,1.73,3.23
15.11.2012 00:27:21.675,1.27268,1.27263,1.73,1.73
15.11.2012 00:27:22.280,1.27268,1.27263,2.48,1.73
15.11.2012 00:27:22.819,1.27268,1.27260,3.98,1.73
15.11.2012 00:27:25.328,1.27268,1.27260,3.98,1.50
15.11.2012 00:27:26.966,1.27268,1.27260,3.98,1.50
15.11.2012 00:27:27.785,1.27267,1.27260,1.73,1.73
15.11.2012 00:27:30.603,1.27267,1.27260,1.73,1.73
15.11.2012 00:27:32.019,1.27267,1.27259,1.73,2.48
15.11.2012 00:27:32.079,1.27266,1.27258,1.73,3.23
15.11.2012 00:27:34.399,1.27267,1.27260,2.48,1.73
15.11.2012 00:27:37.059,1.27267,1.27260,1.73,2.25
15.11.2012 00:27:37.619,1.27267,1.27260,1.73,2.25
15.11.2012 00:27:40.359,1.27266,1.27259,1.50,2.25
15.11.2012 00:27:41.118,1.27264,1.27259,1.50,1.50
15.11.2012 00:27:42.771,1.27267,1.27258,1.73,1.88
15.11.2012 00:27:43.010,1.27266,1.27257,2.25,1.73
15.11.2012 00:27:43.311,1.27263,1.27256,2.25,3.23
15.11.2012 00:27:47.800,1.27261,1.27255,1.50,1.13
15.11.2012 00:27:47.921,1.27262,1.27255,3.00,1.50
15.11.2012 00:27:48.846,1.27261,1.27252,2.48,3.98
15.11.2012 00:27:48.915,1.27261,1.27253,4.73,1.73
15.11.2012 00:27:49.160,1.27259,1.27251,2.25,4.73
15.11.2012 00:27:49.619,1.27259,1.27250,2.48,2.10
15.11.2012 00:27:51.250,1.27257,1.27250,1.50,3.60
15.11.2012 00:27:52.730,1.27259,1.27252,2.85,1.73
15.11.2012 00:27:52.790,1.27260,1.27252,1.73,3.23
15.11.2012 00:27:53.151,1.27265,1.27259,1.73,1.50
15.11.2012 00:27:53.509,1.27269,1.27260,2.63,2.10
15.11.2012 00:27:55.849,1.27269,1.27260,3.75,2.10
15.11.2012 00:27:56.031,1.27266,1.27255,2.63,3.15
15.11.2012 00:27:56.091,1.27261,1.27254,1.73,1.73
15.11.2012 00:27:56.569,1.27259,1.27253,1.50,1.58
15.11.2012 00:27:57.279,1.27260,1.27254,2.48,1.73
15.11.2012 00:28:00.453,1.27261,1.27253,1.73,1.73
15.11.2012 00:28:00.969,1.27262,1.27252,3.98,3.08
15.11.2012 00:28:01.628,1.27262,1.27252,3.98,3.08
15.11.2012 00:28:02.433,1.27261,1.27252,1.73,3.08
15.11.2012 00:28:02.953,1.27262,1.27252,3.23,3.83
15.11.2012 00:28:05.039,1.27259,1.27252,1.50,3.83
15.11.2012 00:28:08.911,1.27259,1.27252,1.50,3.83
15.11.2012 00:28:14.760,1.27259,1.27252,1.50,3.08
15.11.2012 00:28:14.819,1.27264,1.27255,3.00,1.50
15.11.2012 00:28:14.999,1.27264,1.27256,1.50,1.50
15.11.2012 00:28:15.180,1.27267,1.27258,3.00,1.73
15.11.2012 00:28:20.220,1.27266,1.27258,2.48,1.73
15.11.2012 00:28:22.171,1.27266,1.27258,2.48,1.73
15.11.2012 00:28:25.610,1.27264,1.27257,1.50,3.60
15.11.2012 00:28:25.672,1.27264,1.27257,4.50,2.85
15.11.2012 00:28:26.229,1.27264,1.27256,4.50,1.50
15.11.2012 00:28:26.731,1.27265,1.27257,4.50,2.25
15.11.2012 00:28:26.801,1.27267,1.27258,2.25,1.50
15.11.2012 00:28:27.345,1.27269,1.27258,2.63,1.50
15.11.2012 00:28:28.849,1.27269,1.27260,3.23,1.73
15.11.2012 00:28:29.478,1.27269,1.27259,3.23,3.23
15.11.2012 00:28:31.379,1.27266,1.27259,1.50,1.50
15.11.2012 00:28:31.679,1.27265,1.27258,2.48,1.50
15.11.2012 00:28:31.804,1.27265,1.27256,1.50,2.10
15.11.2012 00:28:31.989,1.27265,1.27256,1.73,1.95
15.11.2012 00:28:32.349,1.27265,1.27256,1.73,1.95
15.11.2012 00:28:33.210,1.27267,1.27257,6.60,1.73
15.11.2012 00:28:33.331,1.27267,1.27258,2.85,3.08
15.11.2012 00:28:33.881,1.27265,1.27258,2.63,2.33
15.11.2012 00:28:34.060,1.27264,1.27255,2.85,1.88
15.11.2012 00:28:34.540,1.27266,1.27257,1.50,2.85
15.11.2012 00:28:34.600,1.27266,1.27257,1.50,5.70
15.11.2012 00:28:34.900,1.27268,1.27259,3.23,1.73
15.11.2012 00:28:35.487,1.27268,1.27259,3.98,1.73
15.11.2012 00:28:37.389,1.27266,1.27259,3.00,1.73
15.11.2012 00:28:37.937,1.27266,1.27258,1.50,4.20
15.11.2012 00:28:43.382,1.27264,1.27258,1.50,3.08
15.11.2012 00:28:43.809,1.27267,1.27258,2.10,3.83
15.11.2012 00:28:44.368,1.27268,1.27259,2.63,1.73
15.11.2012 00:28:48.910,1.27266,1.27259,2.48,1.73
15.11.2012 00:28:49.430,1.27266,1.27259,2.48,1.73
15.11.2012 00:29:00.759,1.27268,1.27259,4.35,2.48
15.11.2012 00:29:01.299,1.27266,1.27259,1.73,1.73
15.11.2012 00:29:01.683,1.27268,1.27262,1.35,1.50
15.11.2012 00:29:01.817,1.27269,1.27262,1.73,1.73
15.11.2012 00:29:02.360,1.27269,1.27262,2.48,1.73
15.11.2012 00:29:02.720,1.27271,1.27263,3.98,1.58
15.11.2012 00:29:03.079,1.27273,1.27267,1.13,2.33
15.11.2012 00:29:03.140,1.27271,1.27267,1.73,1.35
15.11.2012 00:29:03.262,1.27272,1.27266,1.50,1.35
15.11.2012 00:29:03.449,1.27274,1.27266,2.48,1.35
15.11.2012 00:29:03.580,1.27274,1.27266,1.50,3.60
15.11.2012 00:29:03.702,1.27274,1.27268,1.50,3.08
15.11.2012 00:29:05.850,1.27275,1.27268,3.23,1.73
15.11.2012 00:29:05.911,1.27273,1.27266,2.48,3.60
15.11.2012 00:29:06.346,1.27267,1.27262,1.50,1.73
15.11.2012 00:29:06.889,1.27268,1.27261,1.50,1.58
15.11.2012 00:29:09.310,1.27269,1.27262,1.73,1.73
15.11.2012 00:29:09.371,1.27270,1.27263,2.48,1.50
15.11.2012 00:29:09.730,1.27268,1.27261,1.73,2.10
15.11.2012 00:29:09.849,1.27268,1.27261,1.50,2.10
15.11.2012 00:29:10.089,1.27268,1.27261,1.50,1.35
15.11.2012 00:29:11.010,1.27268,1.27260,1.50,2.25
15.11.2012 00:29:11.577,1.27267,1.27260,1.73,1.13
15.11.2012 00:29:12.330,1.27266,1.27259,1.73,1.73
15.11.2012 00:29:12.390,1.27266,1.27259,2.48,1.50
15.11.2012 00:29:14.662,1.27264,1.27257,2.85,2.48
15.11.2012 00:29:14.969,1.27265,1.27257,4.50,2.25
15.11.2012 00:29:15.834,1.27266,1.27257,2.25,2.25
15.11.2012 00:29:15.901,1.27267,1.27259,4.88,1.50
15.11.2012 00:29:20.381,1.27266,1.27259,1.73,1.73
15.11.2012 00:29:27.449,1.27267,1.27259,1.73,2.85
15.11.2012 00:29:42.561,1.27267,1.27259,2.48,1.73
15.11.2012 00:29:42.919,1.27265,1.27257,1.73,2.48
15.11.2012 00:29:44.529,1.27267,1.27257,6.00,1.73
15.11.2012 00:29:46.110,1.27264,1.27255,5.48,1.73
15.11.2012 00:29:46.470,1.27260,1.27254,2.48,1.13
15.11.2012 00:29:47.030,1.27260,1.27253,2.48,1.35
15.11.2012 00:29:47.571,1.27260,1.27252,1.73,2.48
15.11.2012 00:29:48.110,1.27260,1.27253,1.73,1.73
15.11.2012 00:29:50.883,1.27261,1.27251,3.00,1.35
15.11.2012 00:29:51.250,1.27258,1.27249,1.73,2.10
15.11.2012 00:29:51.491,1.27258,1.27249,1.50,1.73
15.11.2012 00:29:52.951,1.27258,1.27251,2.48,2.25
15.11.2012 00:29:53.070,1.27260,1.27254,1.50,1.73
15.11.2012 00:29:53.369,1.27261,1.27254,1.73,1.73
15.11.2012 00:29:53.549,1.27263,1.27254,1.50,1.73
15.11.2012 00:29:55.459,1.27262,1.27254,1.50,1.73
15.11.2012 00:29:56.295,1.27262,1.27254,1.50,1.73
15.11.2012 00:30:00.900,1.27262,1.27256,1.35,1.50
15.11.2012 00:30:01.081,1.27264,1.27256,1.13,2.48
15.11.2012 00:30:01.559,1.27267,1.27258,2.25,1.73
15.11.2012 00:30:06.520,1.27264,1.27256,2.48,2.10
15.11.2012 00:30:06.904,1.27262,1.27253,4.50,1.13
15.11.2012 00:30:06.978,1.27260,1.27251,2.25,2.48
15.11.2012 00:30:09.909,1.27258,1.27251,1.73,2.10
15.11.2012 00:30:11.859,1.27258,1.27251,1.73,2.10
15.11.2012 00:30:12.621,1.27260,1.27251,1.88,1.73
15.11.2012 00:30:15.209,1.27260,1.27251,1.13,1.73
15.11.2012 00:30:18.730,1.27258,1.27251,1.73,1.73
15.11.2012 00:30:19.039,1.27259,1.27250,3.00,1.73
15.11.2012 00:30:20.805,1.27259,1.27250,1.50,1.73
15.11.2012 00:30:21.201,1.27260,1.27251,1.50,1.73
15.11.2012 00:30:29.442,1.27259,1.27252,1.73,2.85
15.11.2012 00:30:29.801,1.27264,1.27256,1.50,2.85
15.11.2012 00:30:29.859,1.27265,1.27258,2.40,1.73
15.11.2012 00:30:51.752,1.27264,1.27255,4.73,4.50
15.11.2012 00:30:51.811,1.27264,1.27255,3.00,1.50
15.11.2012 00:30:52.349,1.27262,1.27254,1.50,1.73
15.11.2012 00:30:52.590,1.27261,1.27254,1.50,1.50
15.11.2012 00:30:53.400,1.27260,1.27251,2.25,3.23
15.11.2012 00:30:57.021,1.27261,1.27253,3.08,1.73
15.11.2012 00:30:57.330,1.27265,1.27257,1.58,1.13
15.11.2012 00:30:57.390,1.27265,1.27257,2.10,1.35
15.11.2012 00:31:01.461,1.27260,1.27253,2.48,2.10
15.11.2012 00:31:01.832,1.27260,1.27253,2.48,1.35
15.11.2012 00:31:03.732,1.27261,1.27254,4.58,1.50
15.11.2012 00:31:03.920,1.27264,1.27255,1.73,2.48
15.11.2012 00:31:04.169,1.27266,1.27257,5.55,1.73
15.11.2012 00:31:08.180,1.27263,1.27257,1.73,1.73
15.11.2012 00:31:08.540,1.27259,1.27252,1.73,1.35
15.11.2012 00:31:14.380,1.27261,1.27254,3.83,2.25
15.11.2012 00:31:14.681,1.27266,1.27258,1.50,1.50
15.11.2012 00:31:15.040,1.27269,1.27260,4.72,1.50
15.11.2012 00:31:15.100,1.27269,1.27260,4.73,2.48
15.11.2012 00:31:15.280,1.27270,1.27260,1.50,2.48
15.11.2012 00:31:19.209,1.27269,1.27261,1.50,2.48
15.11.2012 00:31:20.511,1.27268,1.27260,1.73,1.73
15.11.2012 00:31:21.589,1.27268,1.27259,2.48,4.35
15.11.2012 00:31:22.140,1.27268,1.27259,2.48,4.35
15.11.2012 00:31:23.961,1.27270,1.27262,1.50,1.73
15.11.2012 00:31:24.144,1.27273,1.27265,1.73,1.73
15.11.2012 00:31:30.720,1.27276,1.27267,2.48,3.23
15.11.2012 00:31:31.231,1.27277,1.27268,3.23,3.23
15.11.2012 00:31:34.019,1.27278,1.27270,3.23,1.50
15.11.2012 00:31:39.991,1.27279,1.27272,2.70,1.73
15.11.2012 00:31:40.351,1.27277,1.27269,1.73,1.73
15.11.2012 00:31:40.411,1.27277,1.27269,2.48,1.73
15.11.2012 00:31:40.531,1.27277,1.27269,2.48,1.50
15.11.2012 00:31:46.541,1.27275,1.27266,1.73,3.23
15.11.2012 00:31:56.840,1.27277,1.27268,5.48,2.48
15.11.2012 00:31:57.433,1.27277,1.27269,4.73,1.50
15.11.2012 00:31:58.413,1.27278,1.27269,3.60,2.48
15.11.2012 00:31:59.312,1.27278,1.27271,2.10,1.50
15.11.2012 00:32:01.679,1.27279,1.27271,1.13,1.50
15.11.2012 00:32:01.800,1.27280,1.27271,2.85,5.48
15.11.2012 00:32:02.161,1.27281,1.27275,2.25,1.73
15.11.2012 00:32:02.222,1.27281,1.27274,1.50,1.88
15.11.2012 00:32:02.735,1.27278,1.27271,1.73,1.73
15.11.2012 00:32:02.920,1.27277,1.27269,2.48,2.48
15.11.2012 00:32:04.941,1.27276,1.27267,3.23,1.73
15.11.2012 00:32:07.480,1.27276,1.27269,1.73,1.73
15.11.2012 00:32:10.660,1.27276,1.27269,1.50,1.73
15.11.2012 00:32:10.960,1.27277,1.27270,1.73,1.73
15.11.2012 00:32:21.590,1.27275,1.27270,1.50,1.73
15.11.2012 00:32:21.771,1.27275,1.27269,3.60,1.73
15.11.2012 00:32:21.831,1.27272,1.27266,2.25,2.25
15.11.2012 00:32:21.892,1.27270,1.27264,2.48,2.25
15.11.2012 00:32:22.191,1.27269,1.27264,2.48,1.50
15.11.2012 00:32:22.259,1.27268,1.27263,1.73,1.50
15.11.2012 00:32:22.323,1.27268,1.27262,2.48,1.50
15.11.2012 00:32:22.869,1.27267,1.27260,1.73,1.73
15.11.2012 00:32:23.381,1.27267,1.27260,1.73,1.73
15.11.2012 00:32:25.591,1.27266,1.27258,5.10,2.10
15.11.2012 00:32:25.650,1.27266,1.27258,5.33,2.10
15.11.2012 00:32:26.695,1.27266,1.27258,5.33,1.73
15.11.2012 00:32:27.180,1.27267,1.27260,1.50,2.48
15.11.2012 00:32:27.719,1.27269,1.27262,1.73,1.73
15.11.2012 00:32:28.260,1.27269,1.27262,1.73,1.73
15.11.2012 00:32:28.691,1.27271,1.27264,1.73,1.50
15.11.2012 00:32:28.931,1.27272,1.27266,1.73,1.73
15.11.2012 00:32:29.231,1.27273,1.27266,3.23,2.48
15.11.2012 00:32:29.470,1.27273,1.27266,3.23,2.48
15.11.2012 00:32:30.030,1.27273,1.27266,3.23,2.48
15.11.2012 00:32:39.029,1.27273,1.27266,1.73,1.73
15.11.2012 00:32:43.504,1.27273,1.27266,2.48,1.73
15.11.2012 00:32:48.869,1.27273,1.27266,1.73,1.73
15.11.2012 00:32:49.392,1.27273,1.27266,2.48,1.73
15.11.2012 00:32:50.148,1.27273,1.27265,2.48,1.73
15.11.2012 00:32:52.511,1.27270,1.27263,2.25,2.48
15.11.2012 00:32:52.632,1.27270,1.27262,2.48,1.73
15.11.2012 00:32:52.820,1.27267,1.27261,1.50,1.50
15.11.2012 00:32:53.000,1.27265,1.27259,3.00,1.73
15.11.2012 00:32:53.180,1.27266,1.27258,1.35,1.73
15.11.2012 00:32:55.051,1.27267,1.27259,5.85,2.48
15.11.2012 00:32:55.232,1.27272,1.27264,1.50,1.73
15.11.2012 00:32:55.779,1.27273,1.27265,1.50,1.50
15.11.2012 00:32:58.010,1.27273,1.27262,2.48,2.85
15.11.2012 00:32:58.860,1.27273,1.27265,2.48,1.73
15.11.2012 00:33:01.530,1.27273,1.27263,2.48,1.73
15.11.2012 00:33:02.011,1.27271,1.27264,1.73,1.73
15.11.2012 00:33:02.590,1.27271,1.27263,1.73,1.50
15.11.2012 00:33:03.110,1.27271,1.27264,1.73,1.73
15.11.2012 00:33:08.501,1.27271,1.27264,2.48,1.50
15.11.2012 00:33:08.610,1.27271,1.27264,2.48,2.48
15.11.2012 00:33:15.960,1.27271,1.27263,2.48,1.73
15.11.2012 00:33:16.321,1.27269,1.27262,1.50,2.48
15.11.2012 00:33:16.768,1.27268,1.27259,1.73,3.23
15.11.2012 00:33:17.660,1.27266,1.27259,2.10,3.23
15.11.2012 00:33:17.781,1.27265,1.27258,1.35,2.48
15.11.2012 00:33:19.662,1.27268,1.27258,2.63,1.73
15.11.2012 00:33:19.732,1.27268,1.27260,1.88,1.73
15.11.2012 00:33:20.282,1.27270,1.27261,2.25,1.73
15.11.2012 00:33:21.057,1.27269,1.27259,1.13,3.23
15.11.2012 00:33:28.959,1.27266,1.27259,1.73,2.85
15.11.2012 00:33:29.154,1.27266,1.27259,1.73,1.73
15.11.2012 00:33:31.481,1.27263,1.27255,1.73,1.13
15.11.2012 00:33:31.841,1.27261,1.27252,4.88,1.73
15.11.2012 00:33:34.710,1.27260,1.27251,1.13,1.73
15.11.2012 00:33:37.899,1.27259,1.27251,2.48,1.73
15.11.2012 00:33:38.211,1.27258,1.27251,2.48,2.25
15.11.2012 00:33:38.332,1.27255,1.27249,1.50,1.50
15.11.2012 00:33:38.880,1.27255,1.27247,5.25,1.73
15.11.2012 00:33:39.060,1.27256,1.27247,2.10,2.48
15.11.2012 00:33:39.490,1.27258,1.27249,1.50,3.08
15.11.2012 00:33:41.790,1.27260,1.27250,6.00,1.73
15.11.2012 00:33:43.590,1.27257,1.27251,1.73,3.08
15.11.2012 00:33:54.541,1.27256,1.27251,3.98,3.08
15.11.2012 00:33:54.601,1.27255,1.27247,3.75,1.73
15.11.2012 00:33:54.961,1.27250,1.27239,1.13,3.24
15.11.2012 00:33:55.082,1.27252,1.27242,4.50,1.50
15.11.2012 00:33:55.203,1.27250,1.27237,3.38,1.73
15.11.2012 00:33:55.275,1.27249,1.27240,1.13,1.73
15.11.2012 00:33:55.711,1.27247,1.27235,3.00,1.73
15.11.2012 00:33:55.841,1.27246,1.27238,2.25,1.73
15.11.2012 00:33:56.202,1.27244,1.27236,2.48,4.65
15.11.2012 00:33:56.560,1.27245,1.27236,8.10,3.23
15.11.2012 00:33:56.812,1.27242,1.27230,1.50,6.08
15.11.2012 00:33:57.122,1.27240,1.27228,3.38,2.10
15.11.2012 00:33:57.671,1.27238,1.27231,1.73,2.10
15.11.2012 00:33:57.794,1.27238,1.27231,1.73,1.73
15.11.2012 00:33:58.101,1.27238,1.27231,1.73,1.50
15.11.2012 00:33:58.460,1.27241,1.27234,1.73,1.73
15.11.2012 00:33:59.010,1.27242,1.27236,1.73,2.48
15.11.2012 00:34:00.831,1.27242,1.27235,2.48,2.63
15.11.2012 00:34:01.310,1.27240,1.27233,1.73,1.73
15.11.2012 00:34:07.480,1.27239,1.27231,1.73,2.48
15.11.2012 00:34:08.017,1.27240,1.27232,1.73,1.73
15.11.2012 00:34:08.530,1.27240,1.27232,1.73,1.73
15.11.2012 00:34:09.351,1.27240,1.27234,1.50,1.73
15.11.2012 00:34:10.044,1.27241,1.27235,1.35,1.73
15.11.2012 00:34:10.350,1.27244,1.27237,2.48,2.48
15.11.2012 00:34:12.204,1.27242,1.27235,1.50,1.50
15.11.2012 00:34:12.271,1.27240,1.27233,1.50,2.10
15.11.2012 00:34:12.752,1.27239,1.27231,2.48,1.73
15.11.2012 00:34:14.320,1.27237,1.27225,1.73,1.73
15.11.2012 00:34:14.740,1.27235,1.27228,1.73,1.73
15.11.2012 00:34:15.101,1.27235,1.27228,1.73,1.73
15.11.2012 00:34:15.650,1.27234,1.27228,1.50,1.50
15.11.2012 00:34:16.201,1.27232,1.27226,1.73,2.85
15.11.2012 00:34:16.582,1.27231,1.27226,2.48,1.50
15.11.2012 00:34:16.831,1.27228,1.27219,1.43,2.63
15.11.2012 00:34:16.951,1.27228,1.27222,1.65,2.10
15.11.2012 00:34:17.493,1.27228,1.27220,1.58,1.73
15.11.2012 00:34:17.921,1.27229,1.27223,2.33,1.58
15.11.2012 00:34:17.981,1.27229,1.27222,1.58,1.73
15.11.2012 00:34:18.341,1.27227,1.27220,1.43,3.23
15.11.2012 00:34:18.460,1.27227,1.27220,2.18,2.48
15.11.2012 00:34:19.060,1.27226,1.27220,1.43,2.48
15.11.2012 00:34:19.730,1.27230,1.27220,2.40,3.23
15.11.2012 00:34:19.909,1.27230,1.27220,2.40,2.48
15.11.2012 00:34:20.089,1.27230,1.27220,2.40,3.23
15.11.2012 00:34:20.929,1.27228,1.27220,1.65,1.73
15.11.2012 00:34:23.240,1.27225,1.27215,1.50,1.50
15.11.2012 00:34:23.861,1.27224,1.27218,1.50,1.73
15.11.2012 00:34:24.077,1.27223,1.27217,1.73,1.88
15.11.2012 00:34:24.215,1.27223,1.27217,2.10,2.63
15.11.2012 00:34:24.770,1.27222,1.27215,1.50,2.48
15.11.2012 00:34:25.309,1.27223,1.27215,2.10,3.23
15.11.2012 00:34:26.340,1.27223,1.27216,1.35,3.08
15.11.2012 00:34:26.880,1.27225,1.27217,2.48,1.73
15.11.2012 00:34:26.983,1.27225,1.27217,2.48,1.73
15.11.2012 00:34:27.159,1.27223,1.27216,1.50,1.73
15.11.2012 00:34:28.762,1.27223,1.27215,1.73,3.23
15.11.2012 00:34:28.939,1.27223,1.27215,1.73,3.23
15.11.2012 00:34:29.302,1.27218,1.27212,1.50,1.58
15.11.2012 00:34:29.541,1.27215,1.27207,1.73,2.48
15.11.2012 00:34:29.720,1.27219,1.27210,3.75,3.23
15.11.2012 00:34:29.842,1.27219,1.27210,3.98,3.23
15.11.2012 00:34:31.132,1.27219,1.27212,3.23,2.48
15.11.2012 00:34:31.849,1.27219,1.27212,1.73,1.73
15.11.2012 00:34:32.370,1.27219,1.27212,1.73,2.48
15.11.2012 00:34:32.550,1.27217,1.27210,1.50,1.73
15.11.2012 00:34:33.599,1.27217,1.27211,2.25,6.08
15.11.2012 00:34:34.150,1.27217,1.27211,2.25,1.50
15.11.2012 00:34:34.570,1.27215,1.27208,1.73,1.73
15.11.2012 00:34:36.741,1.27215,1.27207,3.23,2.10
15.11.2012 00:34:37.100,1.27217,1.27209,3.00,2.48
15.11.2012 00:34:38.299,1.27216,1.27209,1.50,2.25
15.11.2012 00:34:38.640,1.27215,1.27207,1.35,1.73
15.11.2012 00:34:39.186,1.27214,1.27207,1.13,1.73
15.11.2012 00:34:39.254,1.27218,1.27211,1.50,1.50
15.11.2012 00:34:39.465,1.27220,1.27216,1.50,2.25
15.11.2012 00:34:39.813,1.27221,1.27215,3.23,1.50
15.11.2012 00:34:40.024,1.27221,1.27212,1.73,3.23
15.11.2012 00:34:40.210,1.27222,1.27213,2.10,1.73
15.11.2012 00:34:40.770,1.27221,1.27214,1.50,2.25
15.11.2012 00:34:42.501,1.27220,1.27214,1.50,1.50
15.11.2012 00:34:42.743,1.27218,1.27210,3.23,1.73
15.11.2012 00:34:42.814,1.27218,1.27210,3.23,1.73
15.11.2012 00:34:43.739,1.27216,1.27208,1.35,1.73
15.11.2012 00:34:45.376,1.27217,1.27210,3.23,2.48
15.11.2012 00:34:45.741,1.27220,1.27212,3.98,2.48
15.11.2012 00:34:45.980,1.27219,1.27211,3.23,1.73
15.11.2012 00:34:46.040,1.27217,1.27210,2.48,1.50
15.11.2012 00:34:46.459,1.27215,1.27209,1.50,1.50
15.11.2012 00:34:47.751,1.27215,1.27208,1.73,3.08
15.11.2012 00:34:48.290,1.27214,1.27208,1.35,1.73
15.11.2012 00:34:48.830,1.27213,1.27206,1.73,1.73
15.11.2012 00:34:49.251,1.27215,1.27210,1.73,1.50
15.11.2012 00:34:49.310,1.27217,1.27210,2.48,1.50
15.11.2012 00:34:49.370,1.27217,1.27210,1.73,1.73
15.11.2012 00:34:49.490,1.27218,1.27210,1.73,1.73
15.11.2012 00:34:49.730,1.27217,1.27210,1.73,1.73
15.11.2012 00:34:50.451,1.27215,1.27208,2.48,1.73
15.11.2012 00:34:50.528,1.27214,1.27208,2.48,1.50
15.11.2012 00:34:50.735,1.27212,1.27206,1.13,1.50
15.11.2012 00:34:51.044,1.27209,1.27200,1.50,1.50
15.11.2012 00:34:51.111,1.27208,1.27200,1.73,2.48
15.11.2012 00:34:51.301,1.27209,1.27200,1.50,3.23
15.11.2012 00:34:51.541,1.27211,1.27203,3.60,3.00
15.11.2012 00:34:52.081,1.27209,1.27198,2.48,1.73
15.11.2012 00:34:52.380,1.27211,1.27203,2.03,1.73
15.11.2012 00:34:53.040,1.27212,1.27204,2.03,1.73
15.11.2012 00:34:53.550,1.27212,1.27203,1.65,2.48
15.11.2012 00:34:54.029,1.27209,1.27202,3.98,1.73
15.11.2012 00:34:54.570,1.27207,1.27200,1.50,2.48
15.11.2012 00:34:55.110,1.27209,1.27201,3.23,1.73
15.11.2012 00:34:55.540,1.27207,1.27200,1.50,2.48
15.11.2012 00:34:56.210,1.27206,1.27200,1.50,1.50
15.11.2012 00:34:56.510,1.27206,1.27198,2.48,1.73
15.11.2012 00:34:57.291,1.27203,1.27198,1.50,1.73
15.11.2012 00:34:57.840,1.27202,1.27198,1.50,1.73
15.11.2012 00:34:58.379,1.27202,1.27195,2.25,2.48
15.11.2012 00:35:00.550,1.27202,1.27195,2.48,3.00
15.11.2012 00:35:02.780,1.27203,1.27195,3.23,2.48
15.11.2012 00:35:04.753,1.27201,1.27195,1.50,1.50
15.11.2012 00:35:04.821,1.27201,1.27195,1.73,1.50
15.11.2012 00:35:05.000,1.27201,1.27190,2.48,2.48
15.11.2012 00:35:05.124,1.27198,1.27192,1.73,3.23
15.11.2012 00:35:05.371,1.27197,1.27185,1.73,2.48
15.11.2012 00:35:05.671,1.27197,1.27189,2.48,1.50
15.11.2012 00:35:05.850,1.27195,1.27188,1.73,1.73
15.11.2012 00:35:05.911,1.27196,1.27188,1.73,2.48
15.11.2012 00:35:06.270,1.27192,1.27179,2.48,1.73
15.11.2012 00:35:06.452,1.27191,1.27185,1.73,3.23
15.11.2012 00:35:06.990,1.27188,1.27181,1.73,1.73
15.11.2012 00:35:07.531,1.27187,1.27181,1.73,1.73
15.11.2012 00:35:07.653,1.27187,1.27179,1.73,2.48
15.11.2012 00:35:07.780,1.27187,1.27181,1.73,1.50
15.11.2012 00:35:09.049,1.27187,1.27180,3.60,1.73
15.11.2012 00:35:09.410,1.27183,1.27175,2.25,3.90
15.11.2012 00:35:09.590,1.27180,1.27175,1.73,1.73
15.11.2012 00:35:10.461,1.27184,1.27178,2.25,4.50
15.11.2012 00:35:10.762,1.27185,1.27179,1.73,1.73
15.11.2012 00:35:10.822,1.27186,1.27181,1.88,3.75
15.11.2012 00:35:10.882,1.27187,1.27180,2.10,1.73
15.11.2012 00:35:10.952,1.27185,1.27180,2.25,1.50
15.11.2012 00:35:11.131,1.27185,1.27178,1.73,1.73
15.11.2012 00:35:11.679,1.27186,1.27178,1.35,2.48
15.11.2012 00:35:12.680,1.27187,1.27178,2.10,3.23
15.11.2012 00:35:12.979,1.27187,1.27181,1.13,1.73
15.11.2012 00:35:13.101,1.27189,1.27183,1.73,2.25
15.11.2012 00:35:13.226,1.27191,1.27184,1.73,3.00
15.11.2012 00:35:13.481,1.27189,1.27182,1.73,1.73
15.11.2012 00:35:13.959,1.27188,1.27180,2.48,2.48
15.11.2012 00:35:14.620,1.27188,1.27180,3.23,1.73
15.11.2012 00:35:14.860,1.27186,1.27178,1.73,3.23
15.11.2012 00:35:15.040,1.27186,1.27178,1.73,3.23
15.11.2012 00:35:15.587,1.27187,1.27180,1.50,1.73
15.11.2012 00:35:15.724,1.27188,1.27181,1.73,1.73
15.11.2012 00:35:15.971,1.27191,1.27183,1.73,3.23
15.11.2012 00:35:16.210,1.27192,1.27185,1.13,1.73
15.11.2012 00:35:16.569,1.27195,1.27187,1.13,1.73
15.11.2012 00:35:16.750,1.27196,1.27187,4.73,2.48
15.11.2012 00:35:17.223,1.27196,1.27188,3.98,1.73
15.11.2012 00:35:18.940,1.27196,1.27188,2.48,1.50
15.11.2012 00:35:19.060,1.27194,1.27187,1.73,1.73
15.11.2012 00:35:19.361,1.27195,1.27187,1.50,3.98
15.11.2012 00:35:20.169,1.27195,1.27187,1.50,4.50
15.11.2012 00:35:20.719,1.27195,1.27187,1.50,3.75
15.11.2012 00:35:21.839,1.27195,1.27187,1.50,3.90
15.11.2012 00:35:31.177,1.27194,1.27187,2.48,2.48
15.11.2012 00:35:31.360,1.27191,1.27184,1.13,2.25
15.11.2012 00:35:31.480,1.27193,1.27185,2.25,2.25
15.11.2012 00:35:31.721,1.27195,1.27186,3.75,2.63
15.11.2012 00:35:31.781,1.27195,1.27187,3.00,2.25
15.11.2012 00:35:32.140,1.27197,1.27191,1.50,3.00
15.11.2012 00:35:32.379,1.27198,1.27191,1.50,1.50
15.11.2012 00:35:32.900,1.27198,1.27191,1.50,1.50
15.11.2012 00:35:33.491,1.27198,1.27191,1.50,1.50
15.11.2012 00:35:34.031,1.27195,1.27188,1.50,1.50
15.11.2012 00:35:34.150,1.27193,1.27186,5.25,1.50
15.11.2012 00:35:34.331,1.27191,1.27184,1.50,2.10
15.11.2012 00:35:34.690,1.27191,1.27184,3.83,2.10
15.11.2012 00:35:38.236,1.27191,1.27184,3.83,1.73
15.11.2012 00:35:41.250,1.27191,1.27184,3.83,1.73
15.11.2012 00:35:42.751,1.27193,1.27185,2.63,1.50
15.11.2012 00:35:42.812,1.27193,1.27185,2.85,1.73
15.11.2012 00:35:43.456,1.27193,1.27186,1.35,1.73
15.11.2012 00:35:45.630,1.27193,1.27186,1.73,1.73
15.11.2012 00:35:46.891,1.27194,1.27186,1.88,3.23
15.11.2012 00:35:47.250,1.27195,1.27188,2.25,1.73
15.11.2012 00:35:47.310,1.27196,1.27189,1.73,1.73
15.11.2012 00:35:50.039,1.27195,1.27188,1.50,1.50
15.11.2012 00:35:50.530,1.27195,1.27188,1.50,1.50
15.11.2012 00:35:51.069,1.27194,1.27187,1.50,3.00
15.11.2012 00:35:51.430,1.27193,1.27186,1.73,1.65
15.11.2012 00:35:58.062,1.27193,1.27186,2.48,1.73
15.11.2012 00:35:58.310,1.27189,1.27182,1.73,1.73
15.11.2012 00:35:58.491,1.27189,1.27181,1.73,1.50
15.11.2012 00:35:58.551,1.27189,1.27182,1.73,1.73
15.11.2012 00:35:59.060,1.27190,1.27182,3.23,1.73
15.11.2012 00:36:01.800,1.27188,1.27180,1.73,1.73
15.11.2012 00:36:02.441,1.27185,1.27178,1.50,2.48
15.11.2012 00:36:03.002,1.27185,1.27178,2.25,1.50
15.11.2012 00:36:03.586,1.27184,1.27175,3.23,2.48
15.11.2012 00:36:04.141,1.27180,1.27170,1.50,1.35
15.11.2012 00:36:04.203,1.27180,1.27174,1.73,1.35
15.11.2012 00:36:04.761,1.27181,1.27173,2.03,3.23
15.11.2012 00:36:04.833,1.27181,1.27173,1.28,3.98
15.11.2012 00:36:05.020,1.27184,1.27176,2.10,2.48
15.11.2012 00:36:05.200,1.27184,1.27176,1.35,3.23
15.11.2012 00:36:08.870,1.27183,1.27174,5.40,3.98
15.11.2012 00:36:09.231,1.27184,1.27175,2.85,2.48
15.11.2012 00:36:09.592,1.27185,1.27177,2.25,1.73
15.11.2012 00:36:10.010,1.27183,1.27177,1.50,1.50
15.11.2012 00:36:10.430,1.27184,1.27177,1.50,1.50
15.11.2012 00:36:11.191,1.27184,1.27175,3.23,1.50
15.11.2012 00:36:11.501,1.27182,1.27175,2.48,1.50
15.11.2012 00:36:11.860,1.27183,1.27175,3.98,2.40
15.11.2012 00:36:12.400,1.27183,1.27175,1.50,4.28
15.11.2012 00:36:12.941,1.27186,1.27177,4.73,1.73
15.11.2012 00:36:14.342,1.27184,1.27176,1.73,2.48
15.11.2012 00:36:15.930,1.27186,1.27177,1.73,3.23
15.11.2012 00:36:16.504,1.27186,1.27178,1.73,1.50
15.11.2012 00:36:17.111,1.27186,1.27178,1.73,2.25
15.11.2012 00:36:19.091,1.27183,1.27177,1.73,1.73
15.11.2012 00:36:19.640,1.27184,1.27176,1.73,3.60
15.11.2012 00:36:20.550,1.27187,1.27179,3.23,1.73
15.11.2012 00:36:21.060,1.27187,1.27179,3.23,2.48
15.11.2012 00:36:23.573,1.27186,1.27178,3.98,1.73
15.11.2012 00:36:23.823,1.27185,1.27178,1.50,1.50
15.11.2012 00:36:23.891,1.27186,1.27178,3.00,2.25
15.11.2012 00:36:24.400,1.27186,1.27177,2.25,3.00
15.11.2012 00:36:25.560,1.27185,1.27177,1.50,3.00
15.11.2012 00:36:25.752,1.27183,1.27176,1.50,2.25
15.11.2012 00:36:29.170,1.27181,1.27174,1.50,2.25
15.11.2012 00:36:29.351,1.27180,1.27171,2.25,2.10
15.11.2012 00:36:29.471,1.27180,1.27171,2.48,2.10
15.11.2012 00:36:29.782,1.27183,1.27175,1.73,3.23
15.11.2012 00:36:30.091,1.27184,1.27176,1.73,2.48
15.11.2012 00:36:30.693,1.27183,1.27175,2.48,2.48
15.11.2012 00:36:30.833,1.27181,1.27174,3.98,1.50
15.11.2012 00:36:31.250,1.27183,1.27175,2.48,1.73
15.11.2012 00:36:31.610,1.27182,1.27173,3.23,2.85
15.11.2012 00:36:32.149,1.27182,1.27173,3.23,2.85
15.11.2012 00:36:33.461,1.27182,1.27174,1.73,2.48
15.11.2012 00:36:34.605,1.27183,1.27176,1.73,4.35
15.11.2012 00:36:34.670,1.27185,1.27177,3.23,1.35
15.11.2012 00:36:35.181,1.27186,1.27178,1.73,1.73
15.11.2012 00:36:37.681,1.27188,1.27178,4.35,3.23
15.11.2012 00:36:37.800,1.27187,1.27180,1.73,1.73
15.11.2012 00:36:37.861,1.27187,1.27182,1.73,1.50
15.11.2012 00:36:38.101,1.27191,1.27184,3.98,1.73
15.11.2012 00:36:38.340,1.27194,1.27184,5.25,1.73
15.11.2012 00:36:38.701,1.27196,1.27190,1.50,1.73
15.11.2012 00:36:39.002,1.27197,1.27190,1.50,2.48
15.11.2012 00:36:39.062,1.27197,1.27190,1.50,2.48
15.11.2012 00:36:40.511,1.27199,1.27192,1.73,1.73
15.11.2012 00:36:41.240,1.27199,1.27190,3.23,3.98
15.11.2012 00:36:41.841,1.27197,1.27189,1.50,1.50
15.11.2012 00:36:41.901,1.27195,1.27188,1.50,1.13
15.11.2012 00:36:42.201,1.27193,1.27185,2.25,1.50
15.11.2012 00:36:42.260,1.27191,1.27184,1.50,1.13
15.11.2012 00:36:42.382,1.27190,1.27181,2.25,2.25
15.11.2012 00:36:42.892,1.27190,1.27181,2.25,2.25
15.11.2012 00:36:43.430,1.27190,1.27181,3.00,1.50
15.11.2012 00:36:43.801,1.27190,1.27182,1.50,1.50
15.11.2012 00:36:43.921,1.27190,1.27182,2.25,1.50
15.11.2012 00:36:45.167,1.27190,1.27183,1.50,2.25
15.11.2012 00:36:46.381,1.27189,1.27182,1.50,1.50
15.11.2012 00:36:47.960,1.27189,1.27182,1.50,1.50
15.11.2012 00:36:51.340,1.27189,1.27181,1.50,2.25
15.11.2012 00:36:52.024,1.27189,1.27180,1.50,2.25
15.11.2012 00:36:52.991,1.27189,1.27180,1.50,3.00
15.11.2012 00:36:53.850,1.27189,1.27180,1.50,2.25
15.11.2012 00:36:59.161,1.27189,1.27183,2.25,1.50
15.11.2012 00:36:59.221,1.27191,1.27183,3.00,3.75
15.11.2012 00:36:59.342,1.27192,1.27185,2.25,1.50
15.11.2012 00:36:59.403,1.27194,1.27186,1.73,3.23
15.11.2012 00:36:59.920,1.27195,1.27187,3.23,1.73
15.11.2012 00:37:01.341,1.27196,1.27189,3.60,1.50
15.11.2012 00:37:02.200,1.27196,1.27189,1.35,1.73
15.11.2012 00:37:02.760,1.27198,1.27191,1.35,3.98
15.11.2012 00:37:03.320,1.27198,1.27191,1.35,1.73
15.11.2012 00:37:09.101,1.27199,1.27193,1.73,1.73
15.11.2012 00:37:09.341,1.27198,1.27191,2.48,4.73
15.11.2012 00:37:09.521,1.27200,1.27192,1.73,2.48
15.11.2012 00:37:09.640,1.27199,1.27192,1.73,3.23
15.11.2012 00:37:11.661,1.27197,1.27189,1.50,2.25
15.11.2012 00:37:11.721,1.27197,1.27188,2.48,3.60
15.11.2012 00:37:16.241,1.27198,1.27189,2.25,2.10
15.11.2012 00:37:16.791,1.27196,1.27189,2.25,1.35
15.11.2012 00:37:26.011,1.27196,1.27192,1.50,1.13
15.11.2012 00:37:26.312,1.27200,1.27191,3.75,1.73
15.11.2012 00:37:26.431,1.27196,1.27191,1.73,1.73
15.11.2012 00:37:26.971,1.27198,1.27191,2.10,1.73
15.11.2012 00:37:30.750,1.27199,1.27191,1.73,2.85
15.11.2012 00:37:32.204,1.27199,1.27192,1.73,1.73
15.11.2012 00:37:35.542,1.27199,1.27191,3.23,1.35
15.11.2012 00:37:41.781,1.27201,1.27191,3.98,6.98
15.11.2012 00:37:41.841,1.27200,1.27193,1.50,1.73
15.11.2012 00:37:42.822,1.27200,1.27192,1.73,1.73
15.11.2012 00:37:43.131,1.27200,1.27192,1.50,2.48
15.11.2012 00:37:46.571,1.27203,1.27195,2.48,1.73
15.11.2012 00:37:50.130,1.27203,1.27195,3.23,1.73
15.11.2012 00:37:51.340,1.27203,1.27196,1.73,1.73
15.11.2012 00:37:51.902,1.27203,1.27196,1.73,1.73
15.11.2012 00:37:52.204,1.27203,1.27196,1.73,1.73
15.11.2012 00:37:55.190,1.27205,1.27200,4.50,1.50
15.11.2012 00:37:55.493,1.27208,1.27202,1.50,1.73
15.11.2012 00:37:55.551,1.27209,1.27202,1.50,1.73
15.11.2012 00:37:56.091,1.27209,1.27202,2.25,1.73
15.11.2012 00:37:56.151,1.27209,1.27202,3.00,1.73
15.11.2012 00:37:56.390,1.27208,1.27201,1.73,1.73
15.11.2012 00:37:58.062,1.27206,1.27200,1.73,1.50
15.11.2012 00:38:06.325,1.27205,1.27197,4.73,1.73
15.11.2012 00:38:06.640,1.27203,1.27196,1.73,2.48
15.11.2012 00:38:09.512,1.27205,1.27196,6.00,3.23
15.11.2012 00:38:09.580,1.27205,1.27201,2.25,1.73
15.11.2012 00:38:10.120,1.27209,1.27202,2.85,2.48
15.11.2012 00:38:10.300,1.27209,1.27202,2.85,2.48
15.11.2012 00:38:14.918,1.27208,1.27200,3.98,2.48
15.11.2012 00:38:15.052,1.27205,1.27198,1.50,1.50
15.11.2012 00:38:15.980,1.27205,1.27197,1.50,1.88
15.11.2012 00:38:17.190,1.27207,1.27198,3.00,2.25
15.11.2012 00:38:17.251,1.27208,1.27200,3.00,1.50
15.11.2012 00:38:19.290,1.27207,1.27199,1.50,1.88
15.11.2012 00:38:28.835,1.27207,1.27199,2.25,1.13
15.11.2012 00:38:34.531,1.27207,1.27199,1.50,1.88
15.11.2012 00:38:35.794,1.27206,1.27199,1.50,1.13
15.11.2012 00:38:36.600,1.27206,1.27198,1.50,1.13
15.11.2012 00:38:36.721,1.27205,1.27197,1.50,2.48
15.11.2012 00:38:37.478,1.27205,1.27198,1.73,1.73
15.11.2012 00:38:38.281,1.27206,1.27199,1.50,1.73
15.11.2012 00:38:38.818,1.27207,1.27199,1.73,2.48
15.11.2012 00:38:44.751,1.27204,1.27198,1.73,2.10
15.11.2012 00:38:44.811,1.27204,1.27198,1.73,2.10
15.11.2012 00:38:51.431,1.27202,1.27196,1.50,2.48
15.11.2012 00:38:51.941,1.27202,1.27196,1.73,1.73
15.11.2012 00:38:53.126,1.27201,1.27195,1.73,1.73
15.11.2012 00:38:53.490,1.27200,1.27193,1.50,3.23
15.11.2012 00:38:53.732,1.27194,1.27188,2.48,2.48
15.11.2012 00:38:53.851,1.27195,1.27186,4.50,5.48
15.11.2012 00:38:54.152,1.27197,1.27191,1.73,1.13
15.11.2012 00:38:54.331,1.27199,1.27190,1.65,3.98
15.11.2012 00:38:54.451,1.27201,1.27194,1.88,2.48
15.11.2012 00:38:54.510,1.27200,1.27194,1.28,2.48
15.11.2012 00:38:54.571,1.27201,1.27194,1.65,1.73
15.11.2012 00:38:54.931,1.27203,1.27196,3.00,1.73
15.11.2012 00:38:55.171,1.27203,1.27198,1.73,1.73
15.11.2012 00:38:55.687,1.27207,1.27198,2.10,1.73
15.11.2012 00:38:55.762,1.27207,1.27198,2.85,1.73
15.11.2012 00:38:58.531,1.27207,1.27200,2.48,2.48
15.11.2012 00:38:59.060,1.27209,1.27200,2.10,2.48
15.11.2012 00:39:03.671,1.27209,1.27202,1.73,1.73
15.11.2012 00:39:03.917,1.27212,1.27205,1.73,3.98
15.11.2012 00:39:04.101,1.27213,1.27207,6.00,1.73
15.11.2012 00:39:04.221,1.27212,1.27205,2.48,2.48
15.11.2012 00:39:04.280,1.27212,1.27205,3.98,1.50
15.11.2012 00:39:04.821,1.27210,1.27203,1.73,2.48
15.11.2012 00:39:05.242,1.27213,1.27206,1.13,1.50
15.11.2012 00:39:05.480,1.27214,1.27207,2.85,1.73
15.11.2012 00:39:08.456,1.27216,1.27210,1.73,1.50
15.11.2012 00:39:08.961,1.27216,1.27210,2.25,1.50
15.11.2012 00:39:09.020,1.27216,1.27210,1.50,1.73
15.11.2012 00:39:09.200,1.27216,1.27209,1.73,1.73
15.11.2012 00:39:09.500,1.27213,1.27206,1.73,2.48
15.11.2012 00:39:12.170,1.27210,1.27203,2.25,1.73
15.11.2012 00:39:12.235,1.27209,1.27201,2.48,2.85
15.11.2012 00:39:13.223,1.27208,1.27201,1.73,1.73
15.11.2012 00:39:13.530,1.27208,1.27200,1.73,3.00
15.11.2012 00:39:14.706,1.27208,1.27200,1.73,3.15
15.11.2012 00:39:16.230,1.27208,1.27199,3.60,1.50
15.11.2012 00:39:16.290,1.27208,1.27199,3.60,1.73
15.11.2012 00:39:16.472,1.27206,1.27198,1.50,1.50
15.11.2012 00:39:16.531,1.27206,1.27197,1.50,2.48
15.11.2012 00:39:17.071,1.27205,1.27196,1.50,1.50
15.11.2012 00:39:17.641,1.27205,1.27196,2.25,2.25
15.11.2012 00:39:21.160,1.27205,1.27196,1.50,2.25
15.11.2012 00:39:31.071,1.27207,1.27198,2.63,1.50
15.11.2012 00:39:31.952,1.27207,1.27198,1.13,3.00
15.11.2012 00:39:32.021,1.27208,1.27199,1.50,1.73
15.11.2012 00:39:32.552,1.27207,1.27199,2.10,1.73
15.11.2012 00:39:34.053,1.27208,1.27200,2.48,3.23
15.11.2012 00:39:34.170,1.27208,1.27200,2.48,3.23
15.11.2012 00:39:39.541,1.27210,1.27200,1.50,2.85
15.11.2012 00:39:44.436,1.27212,1.27202,2.48,2.48
15.11.2012 00:39:44.755,1.27215,1.27206,3.38,1.73
15.11.2012 00:39:44.824,1.27214,1.27206,3.00,2.48
15.11.2012 00:39:44.893,1.27214,1.27209,3.98,1.73
15.11.2012 00:39:45.321,1.27214,1.27205,3.98,2.48
15.11.2012 00:39:48.860,1.27213,1.27205,1.73,1.73
15.11.2012 00:39:50.242,1.27214,1.27208,1.50,1.50
15.11.2012 00:39:50.813,1.27215,1.27208,1.73,2.48
15.11.2012 00:39:56.132,1.27214,1.27206,3.23,1.88
15.11.2012 00:39:56.192,1.27214,1.27206,3.23,2.10
15.11.2012 00:40:00.412,1.27215,1.27207,1.73,2.48
15.11.2012 00:40:00.471,1.27216,1.27209,3.23,1.73
15.11.2012 00:40:01.081,1.27214,1.27207,1.73,1.73
15.11.2012 00:40:01.141,1.27214,1.27206,1.73,2.10
15.11.2012 00:40:01.681,1.27214,1.27206,1.73,1.73
15.11.2012 00:40:02.234,1.27211,1.27205,1.50,1.50
15.11.2012 00:40:02.300,1.27211,1.27205,1.50,1.50
15.11.2012 00:40:02.813,1.27211,1.27202,3.00,2.25
15.11.2012 00:40:04.462,1.27210,1.27202,2.25,1.50
15.11.2012 00:40:04.521,1.27210,1.27202,3.00,1.50
15.11.2012 00:40:04.652,1.27207,1.27199,1.50,2.63
15.11.2012 00:40:05.192,1.27206,1.27199,1.50,1.88
15.11.2012 00:40:05.250,1.27206,1.27199,2.25,1.13
15.11.2012 00:40:05.948,1.27206,1.27198,2.25,1.50
15.11.2012 00:40:10.691,1.27205,1.27198,7.50,1.13
15.11.2012 00:40:10.816,1.27204,1.27197,1.73,1.50
15.11.2012 00:40:10.881,1.27204,1.27196,1.73,1.88
15.11.2012 00:40:12.491,1.27202,1.27195,1.73,2.25
15.11.2012 00:40:14.022,1.27202,1.27196,1.73,1.50
15.11.2012 00:40:14.141,1.27205,1.27196,2.48,2.48
15.11.2012 00:40:14.502,1.27207,1.27200,1.50,1.73
15.11.2012 00:40:15.714,1.27206,1.27199,1.50,3.23
15.11.2012 00:40:16.910,1.27205,1.27199,1.50,1.50
15.11.2012 00:40:17.420,1.27205,1.27199,1.50,1.50
15.11.2012 00:40:17.721,1.27205,1.27197,1.73,1.73
15.11.2012 00:40:17.962,1.27205,1.27197,1.73,1.50
15.11.2012 00:40:18.461,1.27205,1.27197,1.73,1.50
15.11.2012 00:40:18.951,1.27202,1.27195,1.73,2.25
15.11.2012 00:40:19.490,1.27202,1.27195,2.48,2.25
15.11.2012 00:40:27.270,1.27202,1.27195,1.73,2.25
15.11.2012 00:40:27.571,1.27206,1.27198,1.73,2.25
15.11.2012 00:40:27.631,1.27206,1.27198,1.73,2.48
15.11.2012 00:40:28.180,1.27205,1.27197,1.73,1.73
15.11.2012 00:40:29.770,1.27203,1.27197,2.25,1.50
15.11.2012 00:40:30.321,1.27204,1.27196,2.48,2.25
15.11.2012 00:40:31.029,1.27204,1.27196,3.23,2.25
15.11.2012 00:40:31.530,1.27204,1.27196,3.98,2.40
15.11.2012 00:40:33.331,1.27204,1.27195,4.35,2.48
15.11.2012 00:40:35.152,1.27203,1.27195,1.73,2.48
15.11.2012 00:40:50.631,1.27204,1.27197,2.25,1.73
15.11.2012 00:40:51.154,1.27204,1.27197,1.50,1.73
15.11.2012 00:40:51.664,1.27204,1.27197,1.50,1.73
15.11.2012 00:40:53.101,1.27204,1.27199,1.50,2.48
15.11.2012 00:40:53.461,1.27205,1.27199,1.50,1.73
15.11.2012 00:40:53.940,1.27206,1.27199,2.48,1.73
15.11.2012 00:40:54.240,1.27204,1.27197,1.73,2.48
15.11.2012 00:40:55.640,1.27204,1.27197,1.73,1.73
15.11.2012 00:40:56.520,1.27204,1.27197,1.50,3.23
15.11.2012 00:40:56.640,1.27206,1.27200,1.73,1.50
15.11.2012 00:40:57.621,1.27207,1.27200,2.48,1.73
15.11.2012 00:41:12.940,1.27207,1.27200,2.48,1.73
15.11.2012 00:41:13.500,1.27205,1.27198,1.73,2.85
15.11.2012 00:41:14.052,1.27209,1.27200,3.23,1.73
15.11.2012 00:41:14.111,1.27209,1.27202,3.00,2.25
15.11.2012 00:41:14.301,1.27211,1.27205,1.73,1.50
15.11.2012 00:41:14.542,1.27213,1.27206,1.73,2.10
15.11.2012 00:41:14.842,1.27212,1.27206,1.50,1.73
15.11.2012 00:41:15.201,1.27209,1.27203,2.10,1.50
15.11.2012 00:41:15.622,1.27209,1.27198,3.23,2.48
15.11.2012 00:41:16.101,1.27209,1.27199,3.98,1.73
15.11.2012 00:41:17.570,1.27209,1.27199,3.98,1.73
15.11.2012 00:41:18.262,1.27209,1.27200,1.73,1.73
15.11.2012 00:41:19.965,1.27209,1.27201,1.35,3.23
15.11.2012 00:41:20.034,1.27211,1.27204,3.23,1.73
15.11.2012 00:41:20.101,1.27212,1.27204,1.73,1.73
15.11.2012 00:41:20.341,1.27210,1.27202,1.50,3.98
15.11.2012 00:41:20.401,1.27210,1.27202,1.50,3.75
15.11.2012 00:41:20.881,1.27208,1.27200,1.50,2.25
15.11.2012 00:41:21.122,1.27208,1.27200,2.25,1.50
15.11.2012 00:41:32.602,1.27207,1.27200,4.50,1.50
15.11.2012 00:41:32.663,1.27207,1.27199,5.48,1.50
15.11.2012 00:41:33.203,1.27206,1.27198,1.73,2.10
15.11.2012 00:41:33.882,1.27206,1.27198,2.48,2.10
15.11.2012 00:41:47.051,1.27205,1.27198,1.73,1.73
15.11.2012 00:41:52.003,1.27207,1.27200,1.50,1.50
15.11.2012 00:41:52.062,1.27208,1.27200,1.73,1.73
15.11.2012 00:41:54.233,1.27209,1.27204,1.13,1.50
15.11.2012 00:41:54.593,1.27213,1.27208,1.73,1.73
15.11.2012 00:41:55.190,1.27216,1.27206,1.35,3.23
15.11.2012 00:41:55.271,1.27216,1.27209,1.35,1.73
15.11.2012 00:42:05.972,1.27218,1.27209,1.73,3.98
15.11.2012 00:42:09.693,1.27216,1.27209,1.50,2.48
15.11.2012 00:42:10.052,1.27214,1.27206,1.73,2.48
15.11.2012 00:42:10.382,1.27215,1.27207,1.73,2.48
15.11.2012 00:42:13.662,1.27217,1.27210,4.73,1.50
15.11.2012 00:42:13.723,1.27218,1.27210,2.48,1.73
15.11.2012 00:42:14.022,1.27218,1.27211,2.25,2.48
15.11.2012 00:42:14.262,1.27220,1.27216,1.13,1.50
15.11.2012 00:42:14.324,1.27223,1.27216,1.73,2.25
15.11.2012 00:42:14.573,1.27225,1.27217,3.23,1.73
15.11.2012 00:42:15.181,1.27225,1.27218,3.23,1.73
15.11.2012 00:42:15.682,1.27225,1.27216,3.23,2.48
15.11.2012 00:42:34.602,1.27223,1.27216,3.00,1.73
15.11.2012 00:42:34.904,1.27217,1.27212,1.73,1.50
15.11.2012 00:42:35.033,1.27216,1.27208,1.50,3.23
15.11.2012 00:42:35.572,1.27216,1.27208,1.50,1.73
15.11.2012 00:42:35.952,1.27216,1.27207,1.73,2.25
15.11.2012 00:42:37.091,1.27216,1.27207,1.73,2.40
15.11.2012 00:42:38.484,1.27216,1.27206,2.48,1.73
15.11.2012 00:42:38.612,1.27215,1.27207,1.73,1.73
15.11.2012 00:42:38.732,1.27216,1.27207,2.48,1.73
15.11.2012 00:42:41.793,1.27216,1.27207,2.48,1.73
15.11.2012 00:42:42.312,1.27216,1.27207,1.73,2.48
15.11.2012 00:42:55.717,1.27216,1.27208,1.73,3.23
15.11.2012 00:43:06.914,1.27213,1.27206,3.75,1.50
15.11.2012 00:43:06.983,1.27213,1.27206,1.50,3.23
15.11.2012 00:43:07.044,1.27211,1.27205,1.50,3.00
15.11.2012 00:43:07.223,1.27209,1.27203,3.98,1.50
15.11.2012 00:43:07.402,1.27208,1.27201,1.73,1.73
15.11.2012 00:43:07.702,1.27208,1.27201,1.50,2.25
15.11.2012 00:43:08.611,1.27208,1.27201,1.50,2.25
15.11.2012 00:43:09.332,1.27208,1.27200,4.50,1.50
15.11.2012 00:43:09.393,1.27207,1.27199,3.00,3.75
15.11.2012 00:43:09.454,1.27203,1.27199,1.50,1.50
15.11.2012 00:43:09.522,1.27203,1.27196,2.25,1.13
15.11.2012 00:43:10.082,1.27205,1.27196,4.50,1.50
15.11.2012 00:43:12.893,1.27205,1.27196,2.25,3.60
15.11.2012 00:43:13.253,1.27207,1.27200,1.13,1.73
15.11.2012 00:43:39.721,1.27207,1.27200,1.50,3.23
15.11.2012 00:43:40.271,1.27207,1.27200,1.50,1.50
15.11.2012 00:43:41.882,1.27215,1.27205,3.53,2.25
15.11.2012 00:43:42.063,1.27216,1.27207,1.50,2.48
15.11.2012 00:43:42.183,1.27214,1.27206,2.25,1.73
15.11.2012 00:43:42.422,1.27214,1.27205,1.50,1.73
15.11.2012 00:43:45.762,1.27215,1.27206,2.25,3.60
15.11.2012 00:43:46.242,1.27213,1.27206,2.48,2.10
15.11.2012 00:43:54.172,1.27210,1.27204,2.25,1.50
15.11.2012 00:43:54.233,1.27208,1.27201,1.73,1.73
15.11.2012 00:43:54.293,1.27208,1.27200,1.73,3.23
15.11.2012 00:43:54.783,1.27206,1.27199,3.98,2.25
15.11.2012 00:43:55.392,1.27206,1.27199,3.23,1.88
15.11.2012 00:43:57.482,1.27204,1.27197,1.73,3.23
15.11.2012 00:43:58.022,1.27205,1.27198,2.48,1.35
15.11.2012 00:43:58.382,1.27206,1.27198,1.73,4.35
15.11.2012 00:43:58.739,1.27207,1.27198,3.23,5.10
15.11.2012 00:44:03.382,1.27205,1.27198,2.25,1.13
15.11.2012 00:44:03.442,1.27204,1.27197,1.50,1.88
15.11.2012 00:44:07.171,1.27205,1.27198,2.25,1.13
15.11.2012 00:44:07.717,1.27205,1.27197,2.25,2.63
15.11.2012 00:44:09.612,1.27204,1.27197,1.50,1.13
15.11.2012 00:44:10.151,1.27204,1.27197,1.50,2.25
15.11.2012 00:44:17.872,1.27202,1.27195,1.50,3.38
15.11.2012 00:44:18.421,1.27202,1.27195,2.48,1.35
15.11.2012 00:44:19.852,1.27201,1.27194,3.98,2.48
15.11.2012 00:44:20.032,1.27201,1.27194,3.98,1.73
15.11.2012 00:44:22.981,1.27201,1.27194,1.73,3.23
15.11.2012 00:44:24.832,1.27201,1.27194,1.73,1.73
15.11.2012 00:44:29.352,1.27200,1.27194,1.73,2.48
15.11.2012 00:44:34.052,1.27202,1.27195,1.73,2.48
15.11.2012 00:44:36.363,1.27204,1.27198,1.73,2.25
15.11.2012 00:44:36.817,1.27205,1.27198,2.25,1.73
15.11.2012 00:44:36.883,1.27205,1.27198,3.23,1.73
15.11.2012 00:44:37.123,1.27202,1.27195,1.73,2.48
15.11.2012 00:44:37.362,1.27204,1.27197,1.73,2.25
15.11.2012 00:44:37.781,1.27203,1.27196,3.23,1.73
15.11.2012 00:44:42.123,1.27202,1.27194,2.48,3.98
15.11.2012 00:44:55.563,1.27202,1.27194,2.48,2.48
15.11.2012 00:44:56.522,1.27205,1.27195,1.50,3.23
15.11.2012 00:44:56.822,1.27204,1.27198,1.13,1.50
15.11.2012 00:44:56.883,1.27204,1.27197,1.35,1.73
15.11.2012 00:44:56.943,1.27204,1.27196,2.10,3.23
15.11.2012 00:44:57.623,1.27203,1.27195,2.48,2.48
15.11.2012 00:45:00.173,1.27201,1.27195,1.73,1.73
15.11.2012 00:45:00.532,1.27200,1.27193,1.73,2.10
15.11.2012 00:45:00.832,1.27200,1.27193,1.73,2.85
15.11.2012 00:45:03.943,1.27202,1.27194,2.48,1.73
15.11.2012 00:45:04.063,1.27204,1.27198,1.73,3.00
15.11.2012 00:45:04.422,1.27205,1.27198,1.50,3.23
15.11.2012 00:45:04.942,1.27206,1.27199,2.48,1.73
15.11.2012 00:45:05.482,1.27205,1.27198,1.50,5.25
15.11.2012 00:45:06.022,1.27206,1.27199,1.50,1.65
15.11.2012 00:45:06.915,1.27205,1.27198,2.25,4.73
15.11.2012 00:45:08.134,1.27203,1.27195,3.00,1.50
15.11.2012 00:45:08.263,1.27199,1.27192,1.73,2.48
15.11.2012 00:45:09.282,1.27201,1.27193,1.73,3.23
15.11.2012 00:45:09.824,1.27202,1.27194,3.23,2.48
15.11.2012 00:45:10.132,1.27202,1.27194,3.98,3.23
15.11.2012 00:45:21.662,1.27201,1.27194,1.73,1.73
15.11.2012 00:45:25.152,1.27201,1.27193,2.48,2.85
15.11.2012 00:45:26.496,1.27202,1.27193,3.98,4.35
15.11.2012 00:45:26.623,1.27202,1.27195,1.73,1.73
15.11.2012 00:45:28.602,1.27204,1.27196,1.73,3.98
15.11.2012 00:45:42.714,1.27205,1.27200,2.25,1.50
15.11.2012 00:45:43.134,1.27208,1.27201,1.73,2.48
15.11.2012 00:45:46.751,1.27208,1.27201,2.48,2.48
15.11.2012 00:45:47.705,1.27208,1.27201,2.48,2.25
15.11.2012 00:45:49.263,1.27209,1.27203,1.73,3.23
15.11.2012 00:45:49.563,1.27213,1.27208,1.73,1.73
15.11.2012 00:45:49.744,1.27215,1.27206,1.73,2.48
15.11.2012 00:45:49.924,1.27215,1.27206,1.73,3.98
15.11.2012 00:45:50.352,1.27216,1.27208,1.73,3.98
15.11.2012 00:45:50.772,1.27220,1.27212,1.50,3.83
15.11.2012 00:45:51.018,1.27223,1.27216,1.35,1.73
15.11.2012 00:45:52.143,1.27224,1.27217,2.25,2.48
15.11.2012 00:45:52.504,1.27226,1.27219,2.48,3.98
15.11.2012 00:45:53.245,1.27222,1.27217,1.50,1.50
15.11.2012 00:45:53.313,1.27225,1.27219,1.73,3.23
15.11.2012 00:45:53.613,1.27223,1.27216,1.73,1.73
15.11.2012 00:45:53.973,1.27225,1.27217,2.48,1.73
15.11.2012 00:45:54.034,1.27225,1.27217,2.48,1.73
15.11.2012 00:45:54.574,1.27220,1.27215,1.50,1.35
15.11.2012 00:45:54.874,1.27221,1.27216,1.35,1.73
15.11.2012 00:45:55.310,1.27223,1.27216,1.73,1.73
15.11.2012 00:45:55.492,1.27224,1.27216,1.73,3.23
15.11.2012 00:45:56.014,1.27226,1.27217,2.25,1.73
15.11.2012 00:45:56.253,1.27225,1.27217,1.50,1.73
15.11.2012 00:45:56.373,1.27224,1.27215,3.00,1.73
15.11.2012 00:45:59.523,1.27223,1.27214,1.88,3.23
15.11.2012 00:45:59.884,1.27215,1.27208,1.50,4.50
15.11.2012 00:46:00.552,1.27216,1.27208,1.65,4.20
15.11.2012 00:46:10.042,1.27217,1.27210,2.48,1.73
15.11.2012 00:46:10.614,1.27217,1.27209,2.48,2.10
15.11.2012 00:46:16.312,1.27216,1.27210,1.73,1.50
15.11.2012 00:46:16.553,1.27214,1.27208,2.25,1.50
15.11.2012 00:46:17.043,1.27216,1.27211,2.48,1.73
15.11.2012 00:46:17.282,1.27215,1.27209,1.73,2.48
15.11.2012 00:46:17.822,1.27212,1.27208,1.50,1.50
15.11.2012 00:46:18.362,1.27211,1.27206,3.23,1.73
15.11.2012 00:46:18.424,1.27211,1.27204,3.23,2.10
15.11.2012 00:46:18.722,1.27210,1.27204,2.48,1.35
15.11.2012 00:46:20.143,1.27211,1.27205,3.23,1.50
15.11.2012 00:46:22.571,1.27212,1.27207,1.50,1.50
15.11.2012 00:46:22.883,1.27214,1.27209,1.50,1.50
15.11.2012 00:46:23.002,1.27215,1.27210,1.50,1.73
15.11.2012 00:46:23.064,1.27215,1.27209,1.73,1.50
15.11.2012 00:46:23.122,1.27217,1.27209,2.48,1.73
15.11.2012 00:46:23.242,1.27217,1.27209,2.48,1.73
15.11.2012 00:46:25.603,1.27217,1.27211,1.73,1.73
15.11.2012 00:46:31.003,1.27219,1.27213,3.23,1.50
15.11.2012 00:46:31.762,1.27217,1.27210,1.73,1.73
15.11.2012 00:46:31.964,1.27215,1.27211,3.75,1.50
15.11.2012 00:46:32.214,1.27219,1.27212,3.98,1.73
15.11.2012 00:46:32.773,1.27219,1.27212,3.98,1.73
15.11.2012 00:46:34.132,1.27219,1.27212,3.23,1.73
15.11.2012 00:46:35.652,1.27219,1.27212,3.23,1.73
15.11.2012 00:46:36.372,1.27219,1.27212,3.23,1.73
15.11.2012 00:46:52.773,1.27219,1.27212,3.23,2.48
15.11.2012 00:46:53.294,1.27219,1.27213,2.48,1.50
15.11.2012 00:46:58.887,1.27219,1.27213,3.23,1.50
15.11.2012 00:47:03.313,1.27219,1.27214,2.48,1.50
15.11.2012 00:47:03.614,1.27224,1.27217,2.25,1.88
15.11.2012 00:47:03.674,1.27225,1.27218,3.00,2.25
15.11.2012 00:47:03.794,1.27225,1.27219,1.73,1.73
15.11.2012 00:47:03.913,1.27225,1.27219,1.73,1.73
15.11.2012 00:47:04.032,1.27226,1.27220,3.23,1.73
15.11.2012 00:47:04.542,1.27228,1.27222,2.48,1.73
15.11.2012 00:47:24.393,1.27226,1.27221,1.73,1.73
15.11.2012 00:47:24.812,1.27226,1.27219,3.23,1.73
15.11.2012 00:47:26.373,1.27226,1.27221,1.50,1.50
15.11.2012 00:47:26.673,1.27227,1.27221,1.73,1.73
15.11.2012 00:47:27.362,1.27227,1.27221,1.73,1.73
15.11.2012 00:47:30.333,1.27226,1.27220,3.00,1.73
15.11.2012 00:47:30.392,1.27225,1.27218,1.50,1.73
15.11.2012 00:47:30.932,1.27225,1.27218,1.73,1.73
15.11.2012 00:47:50.332,1.27225,1.27219,1.50,1.73
15.11.2012 00:48:06.356,1.27223,1.27218,1.73,1.73
15.11.2012 00:48:06.544,1.27222,1.27217,1.73,1.73
15.11.2012 00:48:06.604,1.27222,1.27216,1.73,1.73
15.11.2012 00:48:06.962,1.27220,1.27214,1.50,2.85
15.11.2012 00:48:07.084,1.27220,1.27214,1.73,1.35
15.11.2012 00:48:07.322,1.27221,1.27215,1.50,1.50
15.11.2012 00:48:09.473,1.27224,1.27218,3.38,1.50
15.11.2012 00:48:09.532,1.27224,1.27217,3.60,1.73
15.11.2012 00:48:09.712,1.27224,1.27216,4.35,2.48
15.11.2012 00:48:15.345,1.27224,1.27219,2.25,1.50
15.11.2012 00:48:15.414,1.27226,1.27221,1.73,1.50
15.11.2012 00:48:17.573,1.27227,1.27221,1.50,5.25
15.11.2012 00:48:18.053,1.27225,1.27220,1.50,1.50
15.11.2012 00:48:18.174,1.27224,1.27217,2.25,2.48
15.11.2012 00:48:18.752,1.27226,1.27219,1.73,1.73
15.11.2012 00:48:19.667,1.27227,1.27219,1.73,1.73
15.11.2012 00:48:24.785,1.27228,1.27221,2.48,1.73
15.11.2012 00:48:25.903,1.27228,1.27221,1.73,2.48
15.11.2012 00:48:37.513,1.27229,1.27221,2.48,3.23
15.11.2012 00:48:42.593,1.27229,1.27221,3.23,2.48
15.11.2012 00:48:45.333,1.27231,1.27224,3.23,1.73
15.11.2012 00:48:45.813,1.27230,1.27224,1.50,1.73
15.11.2012 00:48:46.912,1.27230,1.27224,2.40,1.73
15.11.2012 00:48:47.453,1.27230,1.27224,1.65,1.73
15.11.2012 00:48:47.883,1.27231,1.27224,3.98,3.00
15.11.2012 00:48:48.484,1.27233,1.27226,1.50,2.25
15.11.2012 00:48:48.542,1.27234,1.27227,2.10,1.50
15.11.2012 00:48:48.602,1.27234,1.27227,1.35,3.75
15.11.2012 00:48:48.903,1.27234,1.27228,2.25,1.50
15.11.2012 00:48:49.203,1.27234,1.27227,3.00,3.00
15.11.2012 00:48:49.852,1.27234,1.27228,1.50,1.50
15.11.2012 00:48:49.973,1.27236,1.27229,1.73,1.50
15.11.2012 00:48:50.952,1.27237,1.27229,1.88,2.25
15.11.2012 00:48:53.463,1.27237,1.27230,1.50,1.50
15.11.2012 00:48:53.762,1.27238,1.27231,3.23,2.48
15.11.2012 00:48:54.742,1.27238,1.27231,2.48,1.73
15.11.2012 00:48:55.042,1.27238,1.27230,3.98,1.73
15.11.2012 00:49:05.153,1.27237,1.27229,1.73,1.50
15.11.2012 00:49:05.333,1.27237,1.27229,1.73,1.73
15.11.2012 00:49:05.453,1.27238,1.27232,3.00,1.73
15.11.2012 00:49:05.812,1.27238,1.27234,3.75,1.50
15.11.2012 00:49:06.353,1.27239,1.27232,1.73,1.73
15.11.2012 00:49:06.993,1.27239,1.27233,1.73,1.73
15.11.2012 00:49:07.463,1.27239,1.27232,1.73,1.73
15.11.2012 00:49:12.613,1.27240,1.27233,2.48,2.48
15.11.2012 00:49:13.163,1.27240,1.27234,2.25,1.73
15.11.2012 00:49:18.250,1.27239,1.27231,1.73,3.23
15.11.2012 00:49:22.854,1.27238,1.27231,3.23,1.73
15.11.2012 00:49:22.974,1.27238,1.27229,4.73,2.48
15.11.2012 00:49:27.682,1.27238,1.27231,2.48,1.73
15.11.2012 00:49:28.593,1.27238,1.27230,2.48,1.73
15.11.2012 00:49:33.093,1.27238,1.27232,1.73,1.73
15.11.2012 00:49:46.703,1.27236,1.27231,1.73,2.48
15.11.2012 00:49:47.115,1.27236,1.27229,2.48,1.73
15.11.2012 00:49:49.832,1.27236,1.27230,2.48,2.25
15.11.2012 00:49:50.367,1.27236,1.27230,2.25,2.25
15.11.2012 00:49:52.055,1.27238,1.27231,2.48,2.48
15.11.2012 00:49:52.624,1.27238,1.27232,1.73,1.73
15.11.2012 00:49:54.723,1.27238,1.27232,1.73,1.73
15.11.2012 00:49:57.583,1.27239,1.27232,1.50,2.48
15.11.2012 00:49:57.773,1.27239,1.27232,1.73,2.48
15.11.2012 00:49:58.983,1.27238,1.27232,1.73,1.73
15.11.2012 00:49:59.043,1.27237,1.27230,2.48,3.23
15.11.2012 00:50:06.584,1.27239,1.27232,2.48,2.48
15.11.2012 00:50:06.896,1.27243,1.27236,1.50,3.60
15.11.2012 00:50:06.964,1.27244,1.27236,2.85,3.60
15.11.2012 00:50:07.084,1.27244,1.27237,1.50,2.48
15.11.2012 00:50:07.276,1.27246,1.27237,2.63,3.83
15.11.2012 00:50:07.553,1.27248,1.27241,1.50,1.50
15.11.2012 00:50:08.174,1.27248,1.27241,1.50,1.50
15.11.2012 00:50:08.414,1.27251,1.27243,3.23,1.50
15.11.2012 00:50:08.534,1.27251,1.27244,3.75,1.50
15.11.2012 00:50:09.533,1.27251,1.27244,3.75,1.50
15.11.2012 00:50:10.042,1.27251,1.27244,3.00,1.50
15.11.2012 00:50:10.573,1.27250,1.27244,1.50,1.50
15.11.2012 00:50:11.112,1.27250,1.27243,3.00,1.50
15.11.2012 00:50:11.534,1.27253,1.27246,1.73,1.13
15.11.2012 00:50:11.893,1.27251,1.27244,1.73,2.85
15.11.2012 00:50:12.502,1.27251,1.27245,1.73,1.50
15.11.2012 00:50:13.593,1.27250,1.27243,1.73,2.10
15.11.2012 00:50:15.983,1.27250,1.27243,1.73,1.73
15.11.2012 00:50:16.522,1.27251,1.27245,1.50,2.25
15.11.2012 00:50:17.664,1.27252,1.27248,1.50,3.60
15.11.2012 00:50:17.796,1.27254,1.27250,1.50,1.73
15.11.2012 00:50:18.343,1.27257,1.27249,2.48,2.48
15.11.2012 00:50:18.402,1.27258,1.27249,3.23,3.98
15.11.2012 00:50:18.763,1.27255,1.27249,1.50,1.13
15.11.2012 00:50:18.943,1.27253,1.27246,1.73,1.73
15.11.2012 00:50:19.006,1.27252,1.27245,1.50,1.88
15.11.2012 00:50:19.073,1.27252,1.27245,1.73,2.10
15.11.2012 00:50:20.103,1.27253,1.27245,2.48,2.85
15.11.2012 00:50:21.842,1.27253,1.27246,1.73,1.73
15.11.2012 00:50:26.953,1.27251,1.27245,2.48,2.85
15.11.2012 00:50:27.134,1.27250,1.27244,3.23,1.73
15.11.2012 00:50:27.694,1.27248,1.27242,1.50,3.00
15.11.2012 00:50:27.933,1.27252,1.27248,1.35,1.50
15.11.2012 00:50:27.993,1.27255,1.27249,3.23,1.50
15.11.2012 00:50:28.533,1.27254,1.27246,1.73,3.23
15.11.2012 00:50:28.594,1.27254,1.27246,2.48,3.23
15.11.2012 00:50:59.733,1.27254,1.27246,2.48,2.48
15.11.2012 00:51:01.805,1.27254,1.27246,2.48,2.48
15.11.2012 00:51:03.763,1.27253,1.27246,1.73,1.73
15.11.2012 00:51:08.112,1.27254,1.27246,1.73,1.73
15.11.2012 00:51:10.964,1.27251,1.27246,2.48,1.73
15.11.2012 00:51:11.324,1.27251,1.27245,2.48,1.50
15.11.2012 00:51:22.099,1.27250,1.27245,1.73,1.50
15.11.2012 00:51:31.083,1.27250,1.27243,2.48,2.10
15.11.2012 00:51:33.484,1.27249,1.27242,1.73,2.48
15.11.2012 00:51:34.023,1.27249,1.27242,1.73,1.73
15.11.2012 00:51:35.155,1.27246,1.27240,1.50,3.38
15.11.2012 00:51:35.464,1.27245,1.27240,2.25,1.13
15.11.2012 00:51:35.584,1.27244,1.27238,2.48,3.00
15.11.2012 00:51:35.884,1.27246,1.27240,1.50,1.50
15.11.2012 00:51:36.063,1.27248,1.27242,1.73,1.73
15.11.2012 00:51:36.183,1.27250,1.27241,3.23,3.00
15.11.2012 00:51:36.303,1.27248,1.27241,1.73,2.48
15.11.2012 00:51:36.844,1.27247,1.27241,8.25,1.50
15.11.2012 00:51:39.445,1.27245,1.27240,7.50,2.10
15.11.2012 00:51:39.646,1.27247,1.27240,2.25,1.50
15.11.2012 00:51:39.718,1.27245,1.27240,7.50,1.73
15.11.2012 00:51:39.847,1.27244,1.27236,7.50,4.13
15.11.2012 00:51:39.974,1.27244,1.27237,2.48,1.35
15.11.2012 00:51:40.514,1.27244,1.27237,2.48,1.73
